1868 2946
23 76 38 113 t.
48 58 85 111 x.
104 60 180 112 cn.
190 56 232 113 so.
243 58 284 113 ιι.
304 58 460 129 [uene.
473 58 629 126 ncne]
656 56 709 110 uo

23 178 49 215 m
59 164 168 215 illatum
180 164 409 230 populationibus
425 176 557 228 agrorum
568 158 644 212 hosti
654 160 708 211 cia·

23 240 149 300 ignatuul
162 234 246 284 etiam
258 233 370 300 egregie
380 238 436 284 est:
457 230 709 297 Perusinorumque

25 316 122 354 norum
134 316 215 353 caesa
226 302 346 368 anrpiius
356 301 445 353 millia
455 301 518 363 trin,
529 306 558 352 et
567 300 648 368 signu
658 300 709 350 mi-

23 372 56 423 nd
66 370 168 439 viginti
185 379 277 437 capta.
313 370 476 422 Samnitium
493 384 607 436 agmen,
625 382 708 434 quum

24 456 109 509 gnum
120 453 217 505 agrum
236 438 363 505 fugeret,
382 440 597 491 circumventum
610 436 709 490 al'eli·

27 528 35 561 ι
54 525 90 562 ex
99 508 223 560 millibus
232 510 352 576 quinque
362 507 398 560 ad
409 510 486 561 milio
497 510 581 561 caesi.
604 507 709 577 Magna

26 579 54 641 i,
68 593 123 645 qun
134 578 163 628 in
173 576 312 629 Sentinati
323 592 391 646 agro
402 578 552 640 beilatum,
570 576 647 631 fama
657 586 708 639 ost,

23 647 178 701 eructanti.
208 645 264 699 Sed
275 647 448 713 superiecere
458 647 568 713 quidam
579 647 708 715 augendo

23 716 107 784 quiin
117 714 241 767 hostium
255 717 379 769 exercitu
389 715 513 782 peditum
524 716 708 784 quodraginta

24 791 150 837 recentes
163 785 297 852 triginta,
315 785 437 851 equitum
447 799 497 837 sex
508 785 612 848 millia,
631 786 709 837 milio

24 868 102 906 omni
124 853 259 920 scripsere
279 853 380 906 inisse:
398 855 507 907 scilieet
520 869 582 907 cunr
597 854 709 908 Umbris

24 938 70 992 ue,
82 938 150 991 quos
161 932 190 974 et
199 924 275 989 ipsos
286 938 395 990 pugnae
406 923 527 977 affirisse
554 923 601 987 Et,
611 930 643 975 ut
653 924 708 1006 ito·

24 990 708 1128 bt{tibitibimittitete

24 1148 63 1183 tus
75 1130 220 1183 consulum
239 1130 385 1183 adiiciunt.
420 1132 451 1184 lu
466 1133 594 1199 pluribus
603 1132 709 1185 annali·

26 1216 87 1252 mm
104 1215 138 1253 ea
153 1200 297 1253 consulum
312 1200 425 1268 propria
436 1201 555 1253 victoria
564 1208 617 1255 est.
652 1198 708 1251 Vo-

24 1271 69 1323 rin
78 1269 192 1322 Samnio
202 1269 314 1321 interim
324 1285 370 1323 res
381 1270 468 1339 gerit,
485 1269 707 1334 Samnitiumque

24 1355 70 1402 nn,
80 1337 261 1390 in'l'iiernum
271 1346 394 1392 montem
404 1340 584 1407 compulsum,
596 1352 652 1389 uon
663 1337 708 1391 tie·

32 1409 181 1475 iniquitate
191 1408 256 1471 loci,
268 1408 359 1460 fundit
369 1409 512 1478 fugatque.
548 1406 582 1469 Q.
593 1405 708 1467 Fabius,

24 1496 28 1529 ι
45 1477 169 1531 exercitu
182 1479 282 1530 relicto
294 1479 323 1528 in
333 1480 461 1542 Etruria,
479 1477 540 1530 suis
551 1475 708 1544 legionibus

24 1564 33 1599 s
44 1546 79 1599 ad
88 1549 199 1608 urbem,
220 1546 255 1598 de
267 1547 357 1599 Gallis
368 1548 548 1615 Etruscisque
559 1562 593 1598 ao
603 1544 709 1597 Samni·

24 1614 183 1681 iunrpharit:
195 1617 298 1669 milites
308 1616 524 1684 triumphantem
534 1616 624 1670 secuti
633 1624 708 1667 sunt.

24 1692 52 1737 ta
62 1685 211 1737 inconditis
224 1687 392 1737 carminibus
403 1686 571 1738 militaribus
587 1701 642 1738 non
651 1699 708 1736 ma·

24 1755 77 1806 iria
87 1754 120 1816 Q.
131 1754 228 1816 Fabii,
246 1770 328 1821 qnam
344 1768 421 1807 nrors
431 1755 576 1822 praeclara
585 1754 616 1807 P.
627 1753 709 1806 Decii

24 1824 155 1891 itataque
166 1825 300 1875 memoria
314 1824 452 1891 parentis,
471 1831 591 1891 aequata
609 1831 709 1875 eventu

36 1892 201 1961 privatoque
217 1893 269 1945 iiiii
286 1894 424 1946 laudibus.
459 1893 536 1945 Data
556 1906 592 1945 ex
605 1890 710 1958 praede

24 1978 43 2015 s
63 1962 136 2015 aeris
157 1965 287 2030 octogeni
304 1964 376 2027 bini,
396 1977 520 2031 sagaque
539 1967 569 2015 et
584 1960 709 2027 tunicae;

24 2032 90 2084 tilia
100 2039 266 2099 tempestate
283 2033 403 2088 miiitiae
413 2031 624 2103 haudquaquam
634 2047 709 2101 sper·

24 2170 58 2223 ss.
68 2170 121 2223 liis
132 2171 172 2222 ita
183 2173 266 2224 robus
276 2172 371 2240 gestis,
382 2173 472 2227 necin
483 2172 655 2239 Samnitibus
662 2173 708 2225 ad·

24 2240 66 2292 aiu
77 2241 191 2294 Etruria
202 2257 256 2310 pax
268 2248 337 2294 erat.
373 2243 444 2296 Nam
456 2249 493 2303 et,
508 2242 648 2294 Perusinis
661 2257 708 2293 nu·

25 2346 35 2372 ,
51 2316 116 2376 post
126 2309 273 2363 deductum
285 2311 319 2363 ab
331 2312 445 2364 consule
455 2311 608 2364 exercitum
617 2310 707 2363 rebel·

25 2385 111 2431 ierat:
133 2387 161 2431 et
172 2381 310 2433 Samnites
330 2382 493 2447 praedatum
505 2381 534 2431 in
544 2394 642 2445 agrum
653 2376 707 2430 Ve·

25 2449 258 2517 i'irrrnianunrque,
277 2456 305 2503 et
316 2458 396 2516 porto
407 2450 465 2502 alia
476 2450 505 2500 in
516 2450 707 2507 Aeserninum,

37 2518 174 2570 Vulturno
186 2519 314 2573 adiacent
325 2518 441 2582 flumini,
456 2516 634 2570 descendere.
655 2510 707 2565 nd-

25 2605 55 2643 os
68 2590 117 2656 Ap.
131 2588 261 2642 Claudius
270 2596 386 2659 praetor
396 2604 462 2648 cum
473 2582 720 2645 exercitnibee'm·
