1868 2946
62 62 422 161 ariminensem
440 82 763 179 [nonensem]
804 107 840 163 ee

36 213 101 266 luos
115 213 302 280 magistratus
316 228 371 265 uno
391 226 463 264 anno
483 220 595 281 gereret
600 230 608 277 ;
630 214 725 281 utique
740 214 840 268 liceret

36 283 161 336 :onsules
171 283 269 334 anibm
280 282 405 348 plebeios
416 283 514 334 creari.
543 285 622 346 Quae
633 284 658 334 si
669 284 764 335 omnia
774 298 840 336 con·

36 368 110 406 :essa
118 359 185 403 sunt
195 351 280 419 plebi,
291 359 413 418 apparet,
424 351 499 403 haud
510 367 610 419 parvas
620 353 694 405 vires
707 350 839 405 defectio·

36 438 92 475 nem
103 421 246 473 habuisse.
282 422 352 472 Aliis
364 422 512 472 annalibus
524 422 664 488 proditum
676 428 729 486 est,
749 436 840 489 nequo

36 491 200 543 dictatorem
205 490 351 542 Valerium
357 490 470 553 dictum,
481 492 530 543 scd
537 506 586 557 per
595 492 839 544 consulesomncm

36 576 88 613 rem
98 566 206 612 actam:
223 576 321 628 neque,
338 568 485 628 antequam
496 561 614 612 Romam
625 562 778 623 veniretur,
789 560 839 614 sed

36 633 150 693 domae,
172 645 234 682 eam
255 630 461 682 multitudinem
478 632 686 682 coniuratorum
707 630 743 682 sd
761 646 840 684 armo

36 706 240 753 :onsternatam
252 715 327 763 esse;
347 700 437 751 necin
448 701 482 751 T.
494 700 620 761 Quinctii
628 700 735 763 iillum,
751 699 840 752 sedin

36 770 114 821 tedes
129 770 160 820 C.
175 769 290 831 Manlii,
309 776 391 821 nocte
406 768 542 836 impetum
556 768 676 832 iactum,
695 785 840 836 eumqueo

36 839 186 891 coniuratis
192 837 428 904 comprehensum,
439 844 471 889 ut
478 838 634 893 duxllorett
644 838 753 891 indead
760 853 841 905 quar·

36 914 89 959 tum
100 906 225 973 lapidem
241 907 385 974 proiectos
400 908 464 959 loco
476 908 583 961 munito
593 908 766 961 consedisse:
787 922 840 961 neo

36 979 65 1030 tb
76 976 198 1029 ducibus
208 978 377 1029 mentionem
389 978 556 1031 concordiae
566 984 671 1042 ortum3
684 977 734 1031 sed
743 992 841 1045 repen-

36 1062 67 1110 :e,
77 1061 164 1113 quum
175 1046 205 1096 in
216 1047 303 1098 aciem
314 1047 416 1098 armati
427 1047 565 1099 exercitus
575 1048 788 1117 processissent,
798 1061 842 1098 sa·

36 1115 199 1169 utationem
210 1114 327 1168 factam:
342 1122 371 1168 et
383 1117 536 1182 permixtos
547 1117 662 1170 dextras
672 1118 797 1186 iungere,
808 1130 842 1168 ao

36 1184 183 1253 :omplecti
196 1185 272 1237 inter
281 1202 311 1238 sc
326 1186 505 1239 lacrimantes
515 1188 619 1240 milites
630 1187 765 1253 coepisse,
777 1200 841 1238 coa·

36 1262 147 1323 :torque
158 1254 296 1318 consules,
305 1270 389 1323 quum
398 1256 525 1308 viderent
533 1272 646 1309 aversos
657 1273 674 1308 a
684 1256 841 1307 dimicatio·

36 1342 62 1379 ie
74 1324 199 1377 militum
211 1325 328 1388 animos,
343 1326 473 1378 retulisse
485 1327 519 1377 ad
531 1326 631 1378 Patres
643 1326 677 1376 de
689 1324 842 1383 concordio

36 1393 251 1448 econcilianda.
287 1396 364 1447 rideo
376 1393 454 1458 nihil,
466 1402 662 1462 praeterquam
674 1393 840 1445 seditionem

36 1466 126 1526 uisse,
149 1479 266 1530 eamque
286 1465 479 1530 compositam,
502 1467 578 1516 inter
597 1465 727 1531 antiquos
747 1477 840 1515 rerum

36 1542 161 1586 tuctorcs
172 1540 291 1586 constat.
328 1536 365 1585 Et
377 1532 459 1585 liuius
471 1535 546 1586 fama
557 1535 718 1595 seditionis,
742 1538 770 1584 ct
782 1548 841 1585 sus·

36 1612 141 1671 :eptum
154 1619 216 1653 cum
228 1602 401 1655 Samnitibus
412 1620 497 1672 grave
509 1606 622 1667 bellum,
635 1605 742 1671 aliquot
754 1617 840 1669 popu-

36 1689 72 1724 ,os
82 1676 118 1725 ab
131 1674 259 1724 Romana
269 1675 407 1726 societate
420 1675 533 1726 avertit:
555 1682 592 1738 et,
603 1681 715 1742 praeter
725 1673 840 1726 Latino·

36 1758 88 1793 um
100 1743 222 1792 infidum
233 1743 288 1793 iam
301 1744 348 1794 diu
360 1744 470 1806 foedus,
485 1744 661 1798 Privernates
672 1746 757 1796 etiam
769 1742 841 1797 Nor·

36 1828 89 1862 tam
102 1818 190 1878 atque
203 1811 323 1875 Setiam,
344 1814 478 1866 finitimas
495 1815 619 1867 colonias
629 1815 778 1876 Romanos,
799 1815 841 1867 in·

36 1882 160 1934 :ursione
170 1882 267 1934 subita
278 1883 442 1951 depopulati
452 1891 525 1938 sunt.

36 2022 840 2055 w*-

199 2140 417 2198 ΕΡΙΤΟΜΕ
437 2142 569 2196 LIBRI
590 2140 683 2196 vm.

79 2227 184 2281 Latini
194 2245 256 2281 cum
273 2227 418 2296 Canrpanis
429 2229 598 2302 defecerunt,
614 2237 650 2293 et,
665 2228 754 2283 mirso
769 2232 842 2354 ἱσῆα·

36 2295 66 2349 lir
75 2299 114 2350 od
121 2307 259 2361 renatum,
274 2299 454 2353 conditionem
465 2302 596 2361 tulerunt,
607 2308 646 2361 ut,
657 2298 680 2348 ri
686 2315 783 2366 pacem
814 2317 843 2352 o·

36 2364 92 2419 lere
109 2369 226 2431 vellent,
248 2369 413 2423 alterumue
428 2369 538 2422 Latinio
555 2370 687 2421 consulem
705 2369 847 2452 facerent.

38 2434 96 2499 Qua
112 2438 252 2503 legatione
262 2439 387 2503 perlato,
402 2449 624 2508 praecursorum
636 2439 751 2496 Atratus
762 2442 795 2494 de
805 2439 861 2492 Co·

36 2504 125 2569 pitolio
136 2506 179 2558 ita
187 2509 394 2573 prolapsueest,
417 2515 693 2573 otexanimaretur.
735 2512 775 2568 Τ.
785 2509 879 2565 illon-

37 2573 84 2624 lin
91 2574 288 2653 conmlſjltitm,
298 2581 376 2642 quod
381 2594 485 2641 eontra
497 2591 628 2648 edictum
640 2592 790 2647 aduersus
800 2577 897 2636 Loti-

36 2654 68 2700 ’ὅ
84 2654 210 2704 W'W
218 2656 371 2719 :mileses
387 2672 579 2736 pugnasset,
605 2663 712 2726 sec-uri
737 2648 899 2735 percensui

881 2760 899 2922 l
