1868 2946
51 221 769 294 121n.xxl11.cia33.3t.[u.c-537.A.e.215.]
786 222 839 277 419

36 327 151 382 boetium
158 324 315 394 praesidiis.
350 325 468 387 Deinde,
485 331 517 376 ut
526 324 646 377 Punicus
659 325 751 377 cultus
761 325 838 377 babi-

36 405 134 465 tusque
144 401 288 462 suspectos
299 395 409 461 legatos
421 394 490 447 fecit
499 395 673 458 Hannibalis,
682 396 839 462 iuterroga-

36 474 135 534 tosque
146 479 237 517 sermo
240 464 386 535 prodidit:
407 470 475 527 tum,
495 463 641 516 comitibus
652 479 748 516 eorum
757 465 838 515 sedu-

36 538 89 588 ctis
100 550 133 586 ac
142 540 219 586 metu
228 534 344 596 territis,
355 533 454 587 literae
465 548 576 601 quoque
587 534 622 585 ab
634 533 790 586 Hannibale
802 534 838 585 ad

36 605 192 671 Philippum
213 604 355 666 inventae,
376 609 405 656 et
419 609 503 671 pacta
517 603 592 655 iuter
604 618 698 671 regem
709 602 839 655 blaccdo-

36 688 100 725 num
111 674 288 740 Poenumque
300 673 407 725 ducem.
430 673 536 735 Quibus
549 673 618 724 satis
629 672 756 740 cognitis,
768 671 839 739 opti·

36 743 273 804 mumvisumcst,
294 743 711 808 captivoscomitcsqueeorum
721 743 839 794 Romam

36 813 70 865 ad
80 816 217 874 senatum,
229 811 321 863 autad
332 812 467 874 consules,
477 813 631 879 ubicunque
643 818 744 874 essent,
756 826 839 878 quam

36 882 156 950 primum
167 881 325 946 deportare.
354 881 395 933 nd
406 880 434 931 id
446 881 609 933 celerrimae
621 881 743 948 quinque
755 895 839 931 naves

36 951 173 1013 delectae,
193 965 226 1001 ac
236 949 269 1001 L.
279 949 410 1003 Valerius
419 950 528 1012 muns,
547 951 594 1017 qui
604 955 754 1018 praeesset,
775 949 840 1000 mis-

36 1036 93 1074 sus:
115 1021 195 1086 eique
204 1019 379 1082 utandatum,
394 1019 466 1070 utin
478 1020 787 1089 omnesnarcslegatos
798 1035 839 1071 se-

36 1089 156 1159 paratim
174 1088 369 1140 custodiendos
387 1089 537 1152 diuideret,
560 1089 693 1156 daretque
714 1104 839 1156 operam,

36 1176 67 1213 ae
80 1157 156 1225 quod
167 1158 202 1209 iis
213 1157 384 1225 colloquium
393 1159 470 1210 inter
479 1175 518 1222 se,
528 1175 597 1212 neve
608 1175 679 1227 quae
691 1161 839 1210 communi-

36 1228 109 1283 :atio
120 1227 232 1278 consilii
242 1234 325 1292 esset.
361 1227 416 1280 Per
429 1228 503 1281 idem
518 1234 628 1294 tempus
638 1229 744 1280 Romae
755 1243 837 1295 quum

36 1303 62 1353 l.
73 1296 219 1350 Cornelius
229 1296 396 1359 Mammula,
416 1312 452 1348 ex
462 1296 595 1349 Sardinia
603 1298 748 1364 provincia
760 1298 837 1349 dece-

36 1370 112 1429 lens,
121 1366 271 1427 retulisset,
283 1367 328 1432 qui
342 1373 434 1417 status
444 1382 536 1418 rerum
548 1366 679 1417 ininsula
689 1366 839 1429 essctbel·

39 1453 91 1490 um
103 1450 137 1487 ac
147 1433 331 1486 delectionem
345 1449 440 1486 omnen
453 1441 592 1500 spectare;
602 1437 635 1498 tl.
647 1435 780 1496 Mucium,
792 1436 837 1502 qui

36 1504 214 1561 iucccsaisset
225 1504 292 1565 sibi,
312 1504 453 1571 gravitate
468 1504 542 1557 coeli
558 1520 747 1571 aquarumque
759 1506 839 1556 adi-e·

36 1580 157 1631 rientem
169 1577 327 1639 exceptum,
349 1588 404 1624 non
420 1579 477 1625 tam
492 1574 521 1625 in
536 1575 735 1640 periculosum,
756 1590 837 1641 quum

38 1658 165 1711 ongum,
182 1643 309 1694 morbum
318 1642 496 1711 implicitum,
507 1644 554 1696 diu
565 1644 600 1697 ad
611 1644 680 1696 belli
691 1644 746 1695 rim
756 1645 838 1699 susti·

36 1713 155 1771 tendam
164 1712 291 1766 inutilem
301 1711 375 1775 fore,
398 1714 605 1781 exercitumque
621 1715 660 1765 ibi
671 1720 704 1765 ut
713 1714 784 1765 satis
794 1714 838 1764 tir·

36 1799 109 1840 num
125 1788 241 1848 pacatae
256 1783 418 1849 provinciae
434 1783 573 1849 praesidio
590 1800 665 1847 esse,
684 1784 727 1835 ita
740 1798 839 1850 panim

36 1850 202 1918 ›ello‚qucd
212 1858 319 1904 motum
330 1852 366 1903 iri
375 1851 531 1904 videretur:
546 1853 839 1916 decreveruntl'atrea,
877 1870 880 1877 ·

36 1933 59 1978 it
73 1921 110 1983 Q.
121 1920 238 1973 Fulvius
250 1921 368 1973 Flaccus
380 1922 500 1988 quinque
511 1923 602 1975 millia
611 1924 752 1990 peditum,
774 1939 840 1990 qua-

36 1995 196 2057 lringentos
214 1992 322 2058 equites
337 1992 620 2059 scriberet,‚eamque
636 1993 773 2059 legionem
786 1993 840 2058 pri·

36 2079 76 2119 no
91 2074 201 2126 quoquc
211 2067 338 2127 tempore
347 2063 376 2112 ia
388 2060 546 2113 Sardiniam
556 2062 750 2115 traiiciendam
763 2078 839 2113 cura·

36 2140 90 2191 et,
112 2128 291 2197 mitteretque
306 2146 365 2182 cum
380 2131 512 2198 imperio,
532 2147 611 2198 quem
622 2132 677 2200 ipsi
687 2132 838 2190 videretur,

40 2202 77 2256 ui
91 2213 151 2251 rem
161 2204 281 2266 gereret,
292 2199 383 2266 quoad
393 2201 503 2251 Mucius
513 2202 711 2254 convaluisset.
725 2201 837 2254 ild-eam

36 2266 92 2329 pm
103 2267 206 2319 missus
216 2274 259 2320 est
270 2270 303 2319 T.
314 2269 438 2321 Manlius
448 2271 618 2335 Torquatus,
630 2271 678 2338 qui
688 2272 732 2324 bin
743 2271 837 2321 consul

36 2352 187 2403 ensesque
197 2338 297 2399 fuerat,
315 2339 839 2407 subegeratqueiaconsulatuSardos.

36 2410 90 2465 tub
104 2405 179 2458 idem
194 2407 255 2459 fere
270 2413 380 2474 tempus
391 2415 449 2461 eta
459 2408 627 2478 Carthagine
641 2411 670 2461 in
681 2408 837 2462 Sardiniensi

36 2475 132 2535 lassis
143 2475 237 2539 missa,
248 2476 317 2530 duce
329 2479 520 2542 Hasdrubale,
531 2480 577 2531 eui
586 2481 674 2532 Calvo
687 2492 840 2545 cognomen

36 2542 797 2612 rat,focdatesapestatevexataadllaliarcsiumas
804 2545 857 2589 be·

36 2620 144 2674 icitur:
156 2615 249 2682 ibique
258 2616 405 2679 (adeo-nea
415 2605 882 2677 ammentasuaanmebmw

36 2685 104 2743 troi
116 2684 228 2735 natium
243 2690 373 2752 quassati
394 2697 494 2758 erant)
518 2689 694 2747 subductae
706 2684 811 2733 aia-<ee
825 2665 904 2711 W*

36 2752 188 2814 afficiuntur,
202 2753 382 2824 aliquantum
395 2766 553 2837 temporis
564 2758 748 2891 ὶῦιῖεὲιῃκ.
900 2760 909 2769 .
