1762 3486
267 39 301 104 ab
312 56 392 114 tergo
403 59 485 112 quum
497 39 673 111 apparuisset
683 42 850 107 Hannibali,
876 82 880 89 s

266 118 376 184 utrique
391 113 553 180 praebuisse
563 113 629 164 neri
644 113 790 180 praesidii,
811 130 880 166 eum

268 190 356 240 Resmo
365 183 515 236 venientis:
527 183 715 235 Hannibalem
726 183 864 236 insidiam

268 255 333 325 quid
343 256 487 306 timentem
499 254 639 320 recepisse
651 269 728 304 suos:
739 253 870 304 Romanu

266 326 415 376 adiuvante
429 322 562 385 Samnite,
582 323 637 374 duo
651 323 770 375 castella
783 339 818 375 eo
830 323 880 376 die

266 409 315 447 sex
325 393 414 444 millia
425 390 550 444 hostiurn
562 408 657 453 caesa,
679 394 799 462 quinque
814 393 866 445 eei

267 480 376 516 norum:
397 468 491 514 tamen
505 464 536 514 in
544 469 603 515 tam
616 464 678 532 peri
690 477 776 532 prope
792 462 877 516 clade

267 534 330 603 giee
344 532 481 585 victoriae
496 548 559 585 cum
573 532 734 587 rumoribus
749 532 842 585 literis
869 557 881 580 ιι

270 614 329 656 turn
339 603 454 655 Romam
466 602 613 669 perlatam.

321 672 409 727 XXV.
437 671 481 725 De
495 671 537 723 his
550 673 634 725 rebus
649 687 785 741 persaepe
801 678 830 725 et
845 675 876 724 in

270 745 401 797 concione
413 747 506 795 netunr
517 750 569 795 est.
607 742 708 807 Quum,
726 743 804 795 laeto
814 744 871 795 ciri

271 830 339 866 nnus
357 813 428 865 nihil
440 828 492 864 nee
506 811 608 874 faniae,
628 829 680 866 nee
694 812 787 869 literis
803 813 881 866 cred

270 885 362 936 simnia
373 887 474 943 essent,
484 883 606 934 secunda
615 897 646 934 se
656 882 755 950 magis,
765 898 850 949 qunns
859 899 878 935 a

270 969 300 1007 re
317 954 434 1006 diceret:
454 957 514 1003 tum
523 952 563 1004 M.
574 952 702 1004 Metilius
712 951 840 1004 tribunus
852 970 871 1022 p

269 1023 411 1096 serendum
421 1038 475 1075 esse
487 1028 580 1089 neget.
610 1021 670 1074 Nea
678 1031 851 1090 praesentem
863 1040 877 1075 s

268 1108 325 1143 reru
337 1091 471 1144 obtulisse
481 1092 522 1145 rea'
533 1092 597 1145 bene
609 1093 760 1161 gerendae,
780 1094 830 1145 sed
844 1110 876 1144 as

266 1168 362 1230 gestae
372 1160 494 1214 obstare:
506 1170 533 1215 et
543 1160 573 1215 s'rs
583 1162 702 1215 ducenda
712 1161 780 1214 bello
790 1163 870 1214 sedat
876 1189 880 1207 ι

269 1248 308 1294 re,
318 1246 370 1299 pua
380 1230 484 1283 diutius
494 1231 522 1284 s'n
533 1231 700 1301 magistratu
711 1230 757 1293 ss't,
767 1234 877 1300 soluspu

268 1302 297 1353 s'u
309 1300 432 1355 exercite
442 1300 586 1369 imperium
596 1300 703 1355 aebeat.
743 1299 850 1369 Quippe
862 1318 879 1353 c

268 1387 329 1422 rum
338 1370 368 1423 ia
378 1373 438 1425 aes'e
450 1370 575 1424 cecidisse
581 1387 593 1433 ,·
607 1372 734 1431 aiterum,
747 1373 835 1439 specie
845 1373 881 1423 cl

265 1443 475 1506 persequendae,
483 1443 582 1509 procul
590 1441 624 1494 ab
632 1440 717 1494 Italia
728 1440 876 1510 ablegatus

268 1518 341 1559 seres
348 1508 444 1560 Sicilia
456 1520 538 1578 atque
548 1508 678 1564 Sardinia
689 1520 841 1579 occupatos,
851 1528 880 1579 qr

268 1575 317 1628 aaa
329 1587 447 1632 temnere
460 1581 601 1632 creaioris
610 1589 736 1633 eraetare
747 1588 835 1632 esent.
