1868 2946
24 113 237 208 ’Quin
255 117 400 172 cinus
419 118 461 187 [n.
474 118 503 173 c.
514 121 573 175 415.
584 122 618 174 A.
629 120 659 173 c,
670 118 739 191 sen]
782 121 817 176 οι

24 217 153 270 uinctum
164 216 289 270 Petroni·
297 219 439 288 gessimus.
477 221 531 284 Qut
547 239 580 275 ne
596 223 817 292 nostrorumque·-

24 287 67 338 lem
71 287 177 355 finium
188 259 264 339 neiis
271 304 325 354 per
335 305 381 340 nas
392 291 549 342 tuendorum
559 291 601 343 ius
612 299 695 343 antea
707 291 817 355 dabant,

24 356 79 408 uuit
89 356 311 409 intercesserunt.
323 357 456 412 Sidicinus
466 359 585 429 infidsm
596 369 727 428 receptus,
738 358 817 413 Caus-

24 441 94 480 usnus
106 425 140 478 ab
152 442 181 477 se
191 427 228 477 ad
242 442 289 479 nos
299 428 428 491 descisse,
448 432 582 481 exercitus
598 446 646 483 nos
656 446 761 497 parare
771 431 817 482 ad·

24 512 102 548 ursus
115 495 253 547 Samnites
262 496 423 568 foederatos
434 513 494 550 sum
505 498 661 562 audierunt,
677 515 724 551 nec
734 514 817 551 triaue·

24 575 76 618 'unt
85 581 115 616 se
125 565 160 616 uls
171 564 244 616 urbe.
283 564 360 618 Unde
370 566 438 619 haee
448 566 503 619 illis
515 577 595 620 tanta
606 568 745 629 modestia,
760 568 817 621 nisi

24 651 27 684 s
38 633 205 687 conscientia
216 633 314 686 uirium
325 646 353 688 et
361 645 517 689 nostrarum
529 646 556 689 et
565 653 676 689 suarum
684 639 696 688 l
705 637 817 689 Idoneus

24 713 136 757 'uetares
156 702 253 767 leuben,
276 705 446 772 querentibus
462 707 494 757 sle
509 705 584 758 nabis
597 705 762 758 Samnitibus
773 705 817 758 itu

26 788 169 842 esponsum
182 773 215 823 ab
227 784 324 826 senatu
334 772 456 828 Romano
467 790 521 825 esse
526 812 535 838 ,
558 783 590 827 ut
599 775 689 847 facile
704 790 817 842 appare·

24 853 68 907 et,
89 859 124 895 ne
139 841 212 909 ipsos
228 842 333 911 quidem
349 845 404 896 iam
421 847 576 912 postulare,
597 853 629 896 ut
641 844 751 896 Latium
768 843 817 895 suls

24 913 137 966 lornano
152 911 265 978 irnperio
276 912 322 965 sit.
361 914 498 982 Usurpnte
513 914 590 967 mullo
602 913 761 980 postulando
777 929 817 974 eo,

24 984 83 1035 *uad
96 981 142 1034 illi
161 981 235 1033 uubis
252 983 334 1035 taciti
348 985 506 1037 concedunt.
543 982 574 1034 Si
584 999 660 1051 quem
672 981 721 1035 luae
732 990 818 1034 metus

24 1054 101 1106 licere
109 1049 250 1119 prohibet,
270 1069 301 1105 en
312 1069 360 1122 ego
374 1054 440 1121 ipse,
456 1053 581 1106 audiente
592 1069 644 1106 reon
655 1053 754 1118 populu
764 1050 819 1103 Ro·

24 1139 90 1174 uano
102 1122 182 1173 modo
194 1130 355 1191 senatuque,
374 1125 421 1175 sed
431 1123 493 1176 lore
508 1123 579 1191 ipsu,
599 1121 646 1190 qui
656 1121 820 1189 Capitulium

24 1192 117 1255 ntulit,
123 1189 258 1260 profitem
269 1207 309 1244 nse
319 1193 458 1245 dicturum
464 1210 476 1254 ,·
487 1202 524 1255 ut,
536 1192 559 1243 si
568 1208 615 1245 nos
625 1191 776 1263 infundere
787 1206 819 1242 aa

24 1263 142 1314 scietate
155 1276 210 1313 esse
220 1261 315 1323 velint,
336 1264 469 1315 consulem
484 1265 601 1314 alterum
611 1261 644 1312 au
658 1260 733 1313 usulis
744 1275 819 1311 sersu-

27 1348 108 1399 usque
117 1339 224 1397 purtem
234 1330 379 1398 accipiunt.
395 1332 474 1383 Haec
482 1331 614 1382 ferociter
624 1343 678 1378 nun
689 1328 819 1379 suadenti

24 1402 112 1461 nium,
130 1398 179 1450 sed
190 1399 340 1465 pollicenti,
357 1401 479 1453 clamore
491 1406 519 1451 et
531 1413 644 1450 assensu
656 1411 750 1448 omncs
760 1411 819 1462 per·

24 1472 160 1530 uiserunt,
177 1475 208 1519 ut
221 1477 315 1536 ageret
328 1471 497 1538 diceretque,
513 1483 583 1535 quae
595 1466 762 1532 erepublica
773 1480 820 1516 nn-

24 1541 96 1591 ninis
106 1537 206 1589 Latini
218 1540 324 1606 fideque
339 1555 390 1591 sua
401 1542 569 1592 viderentur.

64 1608 99 1660 V.
119 1608 176 1660 Ubi
187 1615 230 1660 est
242 1609 356 1660 Romani
369 1619 491 1670 venturu,
508 1609 535 1658 in
548 1605 686 1674 Capitolio
697 1605 731 1657 iis
744 1620 819 1658 senu-

24 1694 57 1729 :us
75 1679 159 1729 datus
176 1684 227 1729 est.
263 1679 304 1730 lbi
321 1695 402 1745 quum
419 1682 452 1730 T.
465 1679 587 1729 Manlius
600 1678 697 1728 consul
716 1678 820 1744 egisset

24 1750 122 1800 nimiis
136 1763 170 1800 cx
183 1749 349 1799 auctoritate
360 1748 482 1810 Petrum,
501 1764 535 1800 ne
547 1747 716 1799 Samnitibus
727 1746 820 1797 foedus

24 1820 82 1869 ntis
93 1818 202 1868 bellum
214 1817 362 1882 inferrent3
372 1819 483 1880 Annius,
494 1824 624 1884 tunquam
635 1818 726 1867 victor
736 1815 821 1866 cuniis

24 1888 188 1956 lapitoliuns
206 1888 337 1954 cepisset,
359 1904 413 1938 nun
428 1888 546 1956 legatus,
568 1887 628 1937 iure
644 1886 768 1952 gentium
778 1890 822 1932 tu·

24 1974 66 2020 us,
78 1959 250 2023 loqueretur,
277 1956 391 2024 Tempus
404 1968 472 2020 erat,
489 1957 586 2023 inquit,
608 1955 639 2007 Τ.
652 1953 750 2015 Manli,
765 1968 821 2004 nur¹

24 2044 62 2092 rste
75 2028 183 2080 Patres
192 2027 350 2095 conscripti,
371 2029 480 2079 sentem
488 2026 544 2077 ium
556 2041 601 2077 uos
612 2022 745 2076 nobiscum
756 2021 824 2074 nilu’l

24 2115 60 2150 rro
71 2096 188 2165 imperia
201 2113 291 2164 sigere,
303 2113 383 2164 prrsum
387 2095 611 2165 florentissimum
619 2093 694 2144 denus
705 2091 824 2160 ueremni
843 2160 845 2164 Ι

28 2178 69 2220 ate
80 2183 156 2220 niune
167 2164 281 2217 Latium
294 2166 378 2218 aruris
390 2167 518 2233 uirisque,
530 2162 697 2215 Surrsnitilus
708 2161 774 2213 bellu
785 2160 823 2212 ni·

24 2238 73 2301 stis,
87 2234 220 2288 Sidicinis
237 2233 433 2304 Campanisque
444 2234 530 2295 suciis,
542 2250 612 2286 rums
624 2231 706 2284 etium
722 2228 824 2282 Volscis

24 2306 162 2367 iniunctis,
172 2304 301 2357 rideretis
309 2322 320 2365 ,·
341 2305 459 2358 coturnicis
470 2320 571 2373 quoque
581 2310 683 2353 uestras
693 2299 824 2351 Latinum

24 2376 139 2428 linusano
148 2375 313 2442 praetulisse
325 2374 474 2442 imperium.
512 2373 566 2423 Seri
577 2370 704 2438 quioniam
715 2385 768 2427 uos,
786 2381 824 2445 rs·

24 2464 67 2514 uno
89 2444 236 2513 inpotenti
251 2443 337 2513 finem
357 2455 388 2495 ut
407 2442 563 2511 inponatis,
582 2458 637 2497 non
652 2437 790 2497 inducitis
804 2451 836 2486 sn

24 2517 153 2576 minutum·
164 2530 220 2575 nos,
229 2530 378 2580 qumquam
388 2514 632 2585 arrrsispossusuus
647 2529 775 2571 asserere
788 2507 849 2588 Lu3

24 2586 80 2636 *ium
94 2585 123 2634 r'rr
137 2584 300 2641 libertatem,
324 2589 577 2658 coutangut'ns'luli
595 2603 696 2649 tumen
710 2588 765 2642 hoc
781 2578 866 2637 dubi*

24 2667 61 2707 ra,
85 2657 119 2696 ur
130 2646 298 2699 ‘mmm
309 2655 398 2716 stavit
421 2659 560 2721 furnerius
582 2684 698 2742 nequius
719 2657 866 2724 utrisque
