1868 2946
52 108 123 161 lars.
135 107 209 160 vll.
229 108 305 161 Cer.
317 105 360 160 19.
371 106 413 161 20.
432 107 477 176 [U.
487 110 517 160 C.
529 110 586 161 402.
597 110 629 161 A.
640 110 670 162 C.
681 111 751 177 iio]
788 112 824 165 25

26 210 104 265 iussit.
141 214 176 265 T.
187 211 327 264 Manlium
342 211 377 264 1..
392 212 480 263 filium
496 212 576 266 dixit.
611 214 654 276 ls,
674 229 756 281 quum
771 216 825 268 sibi

26 283 180 350 nagistrum
194 282 322 349 equitum
337 283 369 335 Aa
387 282 545 335 Cornelium
561 284 678 335 Cossum
698 283 825 348 dixisset,

26 352 154 404 musulani
165 351 293 404 exercitu
304 358 451 413 contentus
457 388 466 414 ,
487 368 522 405 ex
531 355 699 407 auctoritate
708 353 824 407 Patruus

26 422 155 489 topopuli
164 421 244 473 iussu
255 421 413 474 Caeritibus
423 421 527 474 bellum
538 422 648 476 indixit.

66 491 127 544 XX.
147 493 222 543 Tum
241 492 361 558 primurn
377 491 515 553 Caerites,
535 497 666 560 tunquam
687 493 716 544 in
730 493 823 545 serbis

26 558 136 612 bostium
149 561 191 612 sis
201 561 294 613 maior
305 560 342 612 ad
352 561 459 614 bellum
469 562 690 627 significandum,
702 578 784 630 quam
794 562 823 614 in

26 629 180 693 tuisiactis,
200 632 247 698 qui
258 645 309 697 per
320 630 529 697 populationem
541 631 681 684 llomanos
692 633 823 686 lacessio-

26 708 84 762 rant,
106 706 191 762 esset,
213 716 295 753 serus
304 700 374 753 belli
384 706 476 752 terror
485 700 600 752 invasit:
621 707 658 764 et,
675 717 757 768 quam
767 717 824 753 nou

26 784 125 821 uarum
136 770 238 821 sirium
249 785 284 822 ea
294 769 437 822 dimicatio
448 776 537 831 esset,
559 772 717 823 cernebant.
752 770 823 825 l'oo·

26 839 178 907 titubatque
195 839 398 906 populationis,
418 844 448 891 et
462 840 678 905 Tarquinienses
697 856 822 899 exsecra·

26 916 116 961 santur
127 907 298 961 defectionis
309 915 448 961 auctores.
486 908 545 961 Nec
556 924 641 971 arma,
658 917 707 960 aut
717 910 822 962 bellum

26 979 159 1046 quisquam
172 992 318 1045 apparare,
338 978 388 1031 sed
398 992 449 1044 pro
459 993 490 1030 se
502 976 617 1046 quisque
627 979 736 1046 legatos
746 978 823 1031 mitti

28 1049 128 1103 abebat
145 1048 182 1100 ad
194 1048 343 1115 petendam
361 1046 467 1100 erroris
477 1047 597 1100 veniam.
632 1048 733 1116 Legati
743 1063 821 1100 sena

26 1134 71 1169 um
85 1134 173 1186 quum
194 1118 336 1181 adissent,
356 1118 392 1170 ab
408 1122 508 1168 senatu
523 1117 621 1170 reiecti
631 1117 667 1169 ad
678 1118 822 1185 populum,

26 1187 78 1242 leus
89 1194 273 1256 rogaverunt,
285 1202 402 1256 quorum
411 1201 492 1238 sacra
502 1187 577 1238 bello
584 1186 695 1239 Gallico
706 1195 822 1254 rrecopta

27 1259 64 1311 ite
75 1262 290 1326 procurassent,
307 1263 340 1309 ut
348 1257 490 1325 llourams
500 1254 631 1309 iloreutes
643 1272 678 1309 eu
688 1257 731 1308 sui
741 1259 821 1309 mise·

26 1328 136 1380 icordia
146 1332 272 1393 caperet,
291 1342 361 1395 quoe
371 1342 402 1379 se
412 1326 495 1379 rebus
505 1326 615 1379 allectis
626 1325 762 1393 quondam
773 1341 822 1392 po·

26 1397 70 1448 mli
84 1397 206 1448 Romani
224 1396 357 1463 cepisset;
378 1396 561 1462 conversique
580 1395 616 1445 ad
637 1395 753 1446 delubra
767 1395 822 1447 Vo-

28 1474 86 1530 tae,
110 1465 264 1533 hospitium
280 1465 421 1517 llaminum
434 1464 643 1531 Vestaliumque
658 1465 692 1515 ab
705 1479 735 1516 se
745 1477 821 1516 cusae

26 1536 491 1604 ureligiosecultuminuocabant.
528 1532 742 1598 Eanemeritos,
766 1551 821 1586 ere·

26 1608 87 1659 feret
96 1607 252 1674 quisquam,
261 1606 348 1659 leostes
358 1616 469 1674 repente
479 1606 536 1658 sine
547 1622 631 1658 causa
641 1605 751 1677 factos?
761 1615 820 1667 aut,

26 1677 34 1728 i
48 1678 117 1745 quid
132 1676 273 1730 hostiliter
281 1677 430 1748 fecissent,
452 1675 563 1729 consilio
573 1676 604 1728 id
614 1676 716 1746 magis,
739 1692 820 1744 quum

26 1748 106 1799 'serore
117 1748 219 1814 lapsos,
234 1747 344 1817 secisse,
363 1757 395 1800 ut
405 1762 455 1798 sua
464 1756 557 1799 uetera
568 1746 712 1817 beneficia,
727 1750 819 1800 locata

29 1817 174 1869 ruesertim
184 1819 260 1883 apud
270 1826 327 1869 tam
335 1825 445 1885 gratos,
462 1817 537 1868 novis
550 1827 754 1884 corrurnperent
764 1832 820 1868 ma·

26 1887 116 1955 eficiis,
130 1885 333 1954 florentemque
339 1887 472 1952 populum
482 1885 637 1939 Romanum
648 1903 682 1938 ao
688 1886 820 1956 felicissi-

26 1973 78 2008 mm
91 1957 160 2008 dello
171 1954 224 2006 sibi
234 1957 402 2008 desumerent
414 1952 530 2020 hostem,
551 1956 628 2008 euius
639 1955 742 2022 afflicti
751 1954 819 2007 ami·

26 2026 106 2078 itiam
118 2025 269 2092 cepissent!
288 2026 328 2079 Ne
339 2026 511 2092 appellarent
526 2026 691 2099 eonsilium,
702 2042 770 2093 quae
780 2025 820 2076 ais

29 2095 202 2149 enecessitas
215 2096 380 2163 appellanda
390 2103 467 2145 esset.
507 2094 690 2148 Transeuntes
709 2094 818 2165 agmina

26 2167 110 2247 rssesto
120 2182 175 2232 per
185 2181 284 2235 agrum
295 2182 372 2218 suum
387 2163 605 2231 Tarquinienses,
616 2181 697 2233 quum
703 2174 818 2232 praeter

26 2253 80 2289 tam
89 2235 163 2289 niltil
169 2235 313 2304 petissent,
332 2233 450 2287 traxisse
461 2236 592 2300 quosdam
603 2234 763 2304 agrestium,
771 2249 819 2300 pa·

29 2305 161 2359 elationis
173 2305 241 2369 eius,
252 2304 381 2373 quaesibi
393 2303 503 2356 crimini
513 2306 604 2367 detur,
615 2304 734 2357 comites.
753 2304 821 2364 Eos,

26 2393 53 2428 eu
64 2376 132 2429 dedi
141 2378 269 2443 placeat,
289 2377 388 2429 dedere
399 2390 427 2426 se
437 2385 556 2441 paratos
566 2390 621 2426 esse
627 2390 639 2435 ,·
660 2389 707 2425 seu
718 2372 820 2440 suppli·

26 2446 50 2498 io
61 2445 151 2514 affici,
174 2449 408 2513 daturuspoenas.
449 2442 543 2508 Caere,
559 2441 830 2517 sacrariumpopuli

26 2516 143 2591 lantani,
165 2516 344 2568 deversorium
357 2515 545 2595 sacerdotum,
569 2537 603 2575 ao
619 2521 842 2594 receptaculum

26 2586 189 2636 turrenorum
203 2598 355 2645 sacrorum,
376 2594 520 2646 intactum
534 2592 778 2669 inviolatumque
797 2589 855 2645 cri·

26 2649 148 2709 uetula,
166 2646 287 2714 tapeta
300 2650 464 2718 laetatam
481 2669 637 2748 cultisque
657 2672 721 2732 diis
743 2670 875 2725 turens-
