1868 2946
77 92 236 147 lmnVll.
254 94 408 148 cini-(l.
427 94 749 167 [ananiense]
799 99 816 151 7

26 214 222 268 egremarus,
242 204 274 250 ut
285 214 381 252 omnes
396 200 438 251 rlii
452 199 634 267 hominesque
649 202 766 265 aeirem,
784 220 816 257 re

27 271 120 322 arenti
130 285 213 336 opem
223 268 324 331 latum,
344 284 426 336 quarn
435 269 557 321 inimicia
569 270 643 334 eiua,
658 272 756 335 molle,
771 288 816 324 ea·

26 341 52 391 it
61 339 224 401 eonsilium,
242 338 322 389 rudis
331 338 442 405 quidem
453 345 539 406 utque
549 340 671 406 agrestia
680 341 775 404 uulnri,
785 348 815 394 et

26 424 170 477 *nunquam
180 422 235 459 non
246 408 339 459 civilia
350 408 480 476 exempli,
497 414 592 460 tumen
601 410 708 476 pietate
719 410 816 465 leuda·

30 479 74 531 ile.
110 477 300 530 inscientibus
309 479 424 541 euuretir,
446 478 538 529 cultro
547 480 716 541 succinctus,
735 496 817 531 mune

26 549 156 609 umbem,
165 547 487 617 atqueeportadomum
495 546 818 601 confertimudlll.Ponr-

29 618 124 669 onium
131 617 276 667 tribunum
282 618 388 684 pergit:
400 617 525 680 ianitori,
536 633 602 687 opnr
611 634 665 670 erre
676 618 728 670 aito·
736 619 818 671 domi·

27 687 113 739 ocior
124 695 254 749 reumate
266 689 408 755 extemplo,
428 687 484 739 ait:
505 687 657 751 nuntiaret,
676 686 708 740 T.
718 686 819 740 Manli-

26 774 54 809 m
65 755 201 825 L.jilr'urn
210 770 272 808 erre.
308 756 377 808 Mox
391 757 585 818 introductus,
604 758 719 820 (etemm
729 757 818 825 perei-

26 841 72 877 nm
81 826 125 876 ira
134 825 165 875 in
176 830 285 891 patrem
296 832 427 893 apeaerut
437 833 487 878 aut
497 826 622 879 criminin
627 826 733 894 uliquid
742 827 819 888 nori,

26 901 61 946 ,ut
73 895 188 946 consilii
199 894 236 947 ad
244 910 303 947 rern
313 896 459 964 agendam,
470 895 591 959 deferre)
603 897 820 965 ralnteuceeptu

26 964 190 1031 additaque,
199 980 264 1023 aare.
273 965 323 1021 uit.
333 982 402 1035 quae
412 982 473 1018 enm
483 984 513 1019 eo
525 982 608 1036 agere
615 965 820 1019 arlitrirreme·

26 1034 133 1086 irrelit.
168 1032 272 1086 Proeul
282 1035 347 1087 inde
358 1031 486 1087 omnibus
495 1036 574 1088 abire
583 1036 679 1099 iureis,
697 1036 819 1087 cultrum

29 1103 147 1171 tringitr
169 1109 209 1166 ot,
227 1104 513 1171 superleetnmatane
524 1104 600 1157 ferro
610 1104 735 1168 intento,
756 1105 819 1167 nial,

26 1188 122 1240 uquue
132 1172 195 1239 ipre
204 1173 380 1239 concepisset
389 1174 483 1236 rerba,
498 1176 613 1237 iuraret,
624 1174 820 1242 epaenetus

27 1241 252 1296 remediorum
262 1242 406 1296 concilium
413 1243 500 1311 plebis
509 1244 820 1313 nnnpnernltelt‘tnrnm,

26 1330 40 1366 e
60 1327 127 1364 eum
145 1313 287 1379 externplo
308 1312 508 1364 trunalixurum
529 1315 661 1367 minatur.
697 1312 819 1364 l'oridus

26 1381 143 1433 ribunur
158 1382 272 1448 (quippe
283 1381 333 1449 qui
343 1380 449 1434 ferrum
465 1389 531 1434 orrte
543 1384 640 1434 oeulos
651 1383 770 1444 micare,
788 1398 820 1435 re

25 1451 118 1512 olum,
140 1452 289 1514 inermem3
309 1451 390 1502 illum
408 1451 601 1519 praevalidum
621 1452 761 1512 iuvenem,
783 1458 821 1515 et,

30 1520 87 1572 uod
102 1519 177 1571 houd
192 1521 283 1569 minua
297 1520 454 1572 timendum
472 1526 548 1583 erat,
569 1519 674 1572 stolide
696 1519 820 1572 ferocem

28 1592 118 1642 iribua
133 1589 195 1640 suis
210 1593 346 1651 cerneret)
367 1591 495 1654 adiurat,
515 1591 545 1641 in
561 1606 631 1657 quae
647 1589 762 1642 adactus
777 1597 821 1644 ert

28 1660 110 1723 erum
132 1665 161 1710 et
172 1674 238 1726 prae
249 1675 279 1711 ae
291 1658 394 1711 deinde
404 1660 480 1722 tulit,
500 1675 534 1712 ea
542 1660 571 1712 vi
581 1662 728 1712 srrbaetum
739 1677 770 1712 se
778 1661 822 1712 in·

27 1736 96 1797 epto
107 1727 262 1780 deetitirre.
298 1728 357 1780 Nee
368 1730 498 1795 perinde,
517 1736 550 1781 ut
559 1731 705 1783 maluisset
715 1730 821 1797 plebea,

26 1800 67 1851 ibi
84 1797 215 1865 suffragii
232 1797 339 1850 ferendi
356 1798 391 1850 de
406 1804 463 1849 tarn
480 1799 587 1851 erudeli
601 1807 630 1852 et
640 1801 760 1867 superbo
769 1815 820 1852 reo

26 1874 188 1921 otertutem
199 1868 275 1932 lieri3
293 1868 335 1919 ita
345 1883 429 1935 aegre
441 1866 554 1930 habuit,
573 1870 662 1922 filium
672 1869 701 1920 id
711 1884 762 1936 pro
774 1885 822 1936 pa·

26 1944 213 1991 ente-ausum:
226 1953 314 2004 eoque
324 1937 354 1988 id
360 1937 530 1990 laudabilius
537 1946 605 2002 erat,
617 1939 821 2006 quodanimum

26 2010 73 2059 ius
85 2013 168 2059 tanta
182 2007 322 2060 acerbitas
333 2008 427 2073 patria
437 2008 509 2060 nihil
519 2024 536 2059 a
547 2010 654 2074 pietate
660 2010 821 2061 avertisset.

28 2087 112 2145 taque
123 2092 180 2127 non
190 2078 264 2143 patri
274 2078 359 2128 modo
370 2077 487 2129 remissa
497 2094 598 2130 ruueoe
608 2079 697 2131 dictio
708 2085 762 2141 eat,
772 2077 823 2135 aed

27 2148 69 2213 pel
80 2146 168 2198 etiam
180 2146 354 2199 adolescenti
364 2161 451 2199 eures
463 2147 564 2199 honori
574 2147 644 2200 luit:
654 2154 685 2200 et
696 2162 821 2215 qunmeo

26 2233 87 2267 inno
101 2217 221 2281 primum
234 2216 396 2281 placuisset,
413 2217 543 2285 tribunos
553 2218 674 2269 militum
687 2218 722 2269 ud
733 2218 822 2284 legio-

26 2301 63 2337 rea
79 2286 214 2353 suffragio
226 2286 301 2346 lieri,
322 2290 438 2347 (namet
449 2295 539 2348 antea,
560 2288 634 2340 sieut
645 2304 730 2350 nune,
751 2301 822 2352 quos

26 2354 135 2406 infuloa
151 2361 270 2416 vocant,
290 2355 474 2421 imperatores
491 2356 543 2423 ipsi
559 2356 712 2420 iaciebant)
727 2372 811 2409 secun

26 2422 78 2474 lurn
90 2426 119 2475 in
131 2439 181 2475 aex
197 2423 268 2475 looie
280 2425 372 2475 tenuit
377 2461 385 2488 ,
407 2426 491 2476 nullis
508 2427 585 2477 domi
599 2428 776 2492 militiaeque
788 2422 823 2474 ad

26 2494 221 2547 :onrilinndam
233 2494 355 2561 gretiam
366 2495 488 2559 meritis;
511 2501 542 2544 ut
554 2496 600 2563 qui
611 2513 676 2548 rnre
687 2502 715 2548 et
726 2491 823 2560 procul

26 2570 96 2615 :ortu
107 2563 252 2615 hominnm
263 2564 404 2614 inventam
416 2566 528 2632 egisset.

65 2631 113 2687 Vl.
131 2633 240 2686 Eodem
261 2648 347 2698 anno,
368 2648 416 2684 ren
438 2640 516 2688 nrrrtu
532 2639 644 2700 terroe,
663 2649 718 2692 seu
734 2627 840 2705 quoni
