1762 3486
187 39 240 80 zuo
322 39 357 79 ι’.
371 39 482 78 mvn
502 39 828 97 praemuniamur
856 52 862 63 ·

189 154 223 189 ae
234 137 417 190 salubriorem
430 152 499 191 esse.
534 138 654 190 Flebant
664 146 758 189 autem
767 135 863 188 itiner

190 208 252 259 fieri
263 207 371 259 sinebat
380 207 466 260 hiems
476 205 551 260 haud
563 206 628 258 dum
640 212 761 258 exacta·
776 204 852 258 Vere
864 206 876 255 i

189 293 249 337 mo,
271 277 371 328 relicta
383 277 503 329 secunda
518 276 627 344 legione
642 275 678 327 ad
694 275 835 336 Clusium,
857 289 874 340 q

190 361 263 396 mars
276 347 344 396 olim
355 347 543 412 appellabant,
553 346 768 412 praepositoque
779 345 879 396 errstri

190 418 271 482 plone
283 422 475 480 propraetore,
489 417 605 467 Romam
616 417 678 480 ipse
689 415 725 466 ad
738 414 877 465 consulta·

188 484 265 536 bello
276 485 375 536 rediit:
386 486 445 536 sire
456 486 517 552 ipse
528 490 627 551 sponte
636 499 698 545 oua,
710 483 776 550 quia
786 483 876 535 bellu

188 554 232 604 ius
243 553 272 603 in
283 559 433 620 conspectu
444 560 514 617 orat,
524 569 607 620 quarn
617 559 750 623 quantum
761 567 823 605 esse
832 551 876 602 fa

189 622 312 687 diderat3
324 622 381 676 sive
393 624 633 676 senatusconsulto
646 623 767 674 nocitum
779 636 843 672 nam
852 636 875 671 r·

189 707 242 759 que
259 699 388 745 auctores
403 698 476 744 aunt.
511 694 552 745 Ab
568 694 618 760 Ap.
635 691 752 744 Claudio
767 697 865 758 praeto

189 768 263 814 otum
275 762 389 829 quidam
399 762 491 815 videri
500 763 613 825 volunt3
635 777 719 829 quum
735 761 764 811 in
773 765 873 812 senatu

189 831 321 898 populum
342 832 386 897 (id
395 831 470 899 quod
479 848 529 899 per
539 832 637 887 literas
650 830 763 883 assidue
773 829 881 881 ferora·

187 916 247 953 rem
266 900 336 952 belli
351 902 464 953 Etrusci
483 908 610 970 augeret:
632 919 686 955 aon
704 898 858 968 suffectura

187 985 283 1031 unum,
302 986 350 1023 nec
360 971 509 1024 exereitum
521 988 618 1034 onnam,
633 973 760 1023 advertat
771 977 881 1038 quattu

187 1041 234 1090 los.
269 1038 454 1093 Periculosum
463 1057 528 1104 eote,
537 1041 593 1095 riae
602 1040 692 1093 iuncti
702 1054 784 1091 unum
792 1053 881 1105 prem

186 1107 217 1159 id
226 1108 326 1160 dinem
332 1119 436 1179 gerant
447 1109 593 1174 bellumne
605 1110 642 1161 ad
651 1109 741 1162 omnia
752 1107 834 1160 timul
843 1124 871 1157 ot

187 1194 239 1230 noo
245 1177 341 1246 pouit.
379 1177 459 1231 Duae
469 1180 545 1231 aelli
559 1178 678 1248 legiones
690 1178 828 1230 ltonronot
839 1193 870 1228 re

188 1257 215 1298 et
226 1249 314 1301 tutam
324 1248 440 1315 quinque
450 1249 538 1301 millio
544 1249 670 1317 perlitum
686 1247 859 1315 equitumque
876 1270 881 1291 ι

187 1316 229 1368 lio
239 1318 348 1371 veniere.
385 1317 573 1385 Sitiplacere‚
594 1317 628 1369 P.
639 1316 755 1369 Decium
764 1318 872 1368 romule

187 1402 289 1454 quoque
308 1397 427 1454 tempore
443 1388 472 1440 in
482 1387 631 1440 Etruriam
646 1388 684 1439 ad
701 1388 832 1455 collegam
838 1402 877 1453 pr

186 1457 219 1507 L.
239 1455 378 1509 Volumnio
396 1456 534 1509 Samnium
551 1455 721 1525 provinciam
743 1454 816 1507 dori.

187 1525 266 1577 molit
281 1524 310 1578 in
327 1542 403 1577 auom
416 1525 585 1593 provinciam
602 1525 642 1578 ire
658 1562 665 1588 ,
682 1523 880 1578 Volumniama'

186 1595 257 1646 riom
275 1596 312 1645 ad
327 1598 461 1647 contulero
472 1608 531 1646 com
542 1594 664 1647 exercito
675 1595 747 1647 lutto
757 1595 869 1647 consula

187 1662 260 1716 circi.
297 1663 387 1724 Quum
403 1679 531 1729 magnam
547 1672 654 1730 partem
670 1670 795 1716 moveret
811 1668 875 1715 orat

185 1732 266 1794 toris,
286 1731 317 1784 P.
328 1733 446 1784 Decium
459 1735 600 1785 censuisse
610 1734 717 1801 lerunt,
736 1740 768 1784 ut
779 1732 872 1783 omnia

186 1817 220 1853 ac
229 1800 320 1854 libera
331 1803 364 1864 Q.
376 1802 463 1853 Fabio
475 1810 660 1866 servarentur,
671 1803 760 1855 donec
771 1801 817 1854 vel
827 1802 881 1867 ipo

188 1871 360 1923 commodum
371 1871 541 1938 reipublicae
552 1877 656 1939 posset,
667 1873 783 1924 Romam
794 1871 867 1922 ron'
