1762 3486
231 39 279 68 [W
390 39 417 63 1.
438 39 543 63 ΗΙΙΙΙ
564 39 760 78 [vsu-*fluns
771 39 801 61 υι
811 39 879 79 ΜῚ.

228 88 879 107 ......------·--—-

229 120 362 178 dixisset,
380 114 478 182 prendi
493 129 646 176 censorem,
664 118 694 166 st
704 112 732 165 ln
742 112 879 165 vinculad

230 186 451 254 ¹approbantibus
463 200 510 235 sex
523 184 640 235 tribunis
656 183 795 234 actionem
812 182 879 235 colli

231 256 381 324 appellanti
392 253 477 319 rlppio
491 253 596 304 auxilio
608 253 733 315 fuoruut3
755 268 879 320 summaq

231 328 350 382 oninium
363 324 489 373 ordinum
501 323 576 372 sulus
589 337 730 373 censuram
742 323 839 389 gessit.

284 392 398 444 XXXV.
429 395 499 446 Dum
518 409 550 443 ea
561 392 667 442 Romae
682 398 824 458 geruntur,
840 392 879 442 iar

232 465 265 516 ab
272 463 397 514 Etruscis
408 462 596 513 obsidebatur:
608 462 770 527 consulique
781 461 877 521 Fabio,

232 537 306 585 tibus
318 531 430 583 ducenti
444 531 479 581 ud
496 529 637 582 ferorrdam
648 541 727 596 opem
739 530 822 581 sociis
834 535 878 580 ton

232 603 415 662 munitiones,
436 599 458 649 si
470 614 525 666 qua
542 604 650 664 posset,
671 601 744 651 acies
758 596 878 650 hostium

232 671 366 733 occurrit3
398 684 513 735 quorum
545 669 683 736 ingentem
713 668 879 719 multitudim

233 740 392 792 ostenderet
407 740 533 790 subiecto
548 738 604 789 late
619 736 763 804 planitiem
786 736 879 789 consul

231 810 401 876 paucitatem
417 822 528 858 suorum
546 806 703 869 adiutaret,
723 805 812 858 flectit
826 820 879 873 pau

232 880 319 930 clivos
330 891 441 943 agonem
456 884 579 941 (asprata
590 881 669 926 orant
680 881 768 938 strata
779 876 864 938 saxis)
874 874 879 924 i

233 948 260 998 in
273 946 382 996 hostem
393 946 524 996 obvertit.
563 945 683 1006 Etrusci,
695 945 826 1007 omnium,
836 958 879 1011 prs

233 1013 419 1066 multitudinis
430 1030 505 1075 suaa,
525 1030 578 1080 qua
589 1013 650 1064 sola
660 1013 725 1064 fruti
736 1020 824 1076 oront,
845 1013 879 1063 im

234 1083 368 1150 proelium
384 1083 479 1133 ineunt
495 1084 565 1134 odon
581 1083 682 1148 raptim
698 1088 729 1134 et
743 1082 835 1144 aride,
853 1088 879 1132 ut

234 1152 393 1213 missilibus,
409 1167 463 1219 quo
475 1153 591 1204 solorius
604 1167 700 1202 rnanus
712 1160 879 1203 consererent

234 1221 430 1289 rentgladios,
449 1221 580 1272 radentes
589 1222 620 1271 in
629 1220 747 1273 hostem.
783 1222 879 1272 Roman

234 1308 304 1344 nuno
315 1292 385 1352 tela,
405 1306 476 1341 nunc
491 1306 572 1352 saxa,
591 1291 691 1356 quibus
702 1304 750 1341 ens
762 1290 867 1341 offinim

233 1363 373 1422 armabat,
403 1360 537 1426 ingerere.
574 1360 664 1426 igitur
683 1364 763 1410 scuto
786 1360 879 1426 galeas

235 1446 316 1497 quum
328 1430 423 1490 etiam,
434 1445 502 1495 ‹pnos
514 1444 568 1479 nmo
580 1429 800 1491 minoraverunt,
811 1428 879 1478 turb

233 1506 286 1566 *jore
298 1501 390 1550 subire
400 1506 460 1549 orat
475 1498 556 1549 faedo
571 1497 606 1547 ad
622 1498 780 1563 propiorem
791 1513 879 1564 pugno

235 1568 352 1617 nrissilia
363 1567 509 1627 habrlnmt,
520 1569 730 1633 quibusominus
738 1582 796 1618 rom
809 1580 879 1632 gere]

235 1644 275 1685 tos
285 1642 313 1686 ot
324 1640 468 1700 expositos
480 1637 515 1686 ad
532 1637 604 1686 ictus
618 1649 701 1701 quum
717 1635 772 1686 iam
790 1638 859 1686 satis
875 1650 879 1684 1

233 1714 291 1764 rot,
313 1704 446 1770 quosdam
462 1708 545 1757 otiam
562 1704 659 1770 podoni
676 1703 831 1759 reserentes
841 1703 878 1755 flu

234 1788 286 1839 qino
296 1780 323 1824 et
333 1774 490 1826 instabilem
502 1776 600 1836 aciem,
619 1773 812 1841 redintegrato
824 1774 879 1825 elan

234 1844 285 1892 otis
296 1843 395 1909 gladiis
408 1842 514 1894 hastati
529 1850 557 1895 ot
573 1842 709 1909 principes
724 1842 866 1894 invadunt.
