1868 2946
102 112 177 163 Lrs.
188 107 261 161 Vll.
281 110 356 162 Gar.
369 106 411 162 16.
424 106 465 162 17.
485 109 530 178 [U.
541 111 572 162 C·
584 116 644 177 599.
659 110 692 160 A.
702 110 729 161 G
742 111 810 179 353]
837 108 871 163 21

62 217 126 268 bem
137 220 318 281 acceperunt.
342 213 509 280 Triumphus
520 214 555 266 de
564 213 772 266 Privernatibus
782 222 869 267 actus.

61 286 101 338 nb
108 285 201 336 altero
207 283 324 336 consule
333 283 406 335 nihil
416 284 595 336 memorabile
606 291 726 351 gestum:
738 284 870 350 nisiquod

64 353 156 422 legem
172 368 248 405 noro
262 354 389 420 exemplo
407 353 442 405 ad
453 353 575 406 Sutrium
589 354 618 404 in
633 354 734 406 castris
745 354 869 405 tributim

65 424 99 477 de
109 424 246 476 vicesima
257 438 362 485 eorum,
372 426 420 490 qui
430 424 700 486 manumitterentur,
711 425 788 475 tulit.
820 423 871 475 Pa·

64 503 130 557 tres,
140 494 210 561 quia
220 508 255 545 ea
265 493 330 562 lege
341 491 415 544 baud
425 508 539 560 parram
549 493 753 561 vectigalinopi
760 493 869 545 aerario

64 564 193 615 additum
207 568 295 626 esset,
313 569 443 615 auctores
460 564 580 617 luerunt.
616 565 745 616 Ceterum
765 562 870 615 tribuni

63 633 163 701 plebis,
184 646 242 683 non
251 639 310 685 tam
321 632 394 701 lege,
414 633 645 700 quamexemplo‚
664 634 743 695 moti,
763 632 870 699 nequis

64 710 163 770 postea
178 702 315 768 populum
335 708 492 765 semovet,
515 702 607 768 capite
621 709 782 754 sanxerunt:
801 699 870 752 nibil

64 772 139 826 enim
151 786 210 822 non
219 771 387 837 permilites,
396 771 766 834 iuratosinconsulisrerba‚
777 786 872 838 quarn·

64 843 107 893 ris
122 841 313 908 perniciosum
333 842 450 907 populo,
471 842 497 892 si
511 840 541 891 id
556 841 668 903 liceret,
690 841 760 894 ferri
779 855 872 907 posse.

64 912 174 964 Eodem
187 924 259 962 anno
272 911 303 962 C.
313 909 438 962 Licinius
448 909 527 962 Stolo
539 925 557 962 a
566 910 606 962 M.
616 910 737 977 Popillio
748 910 873 963 Laenate

64 998 116 1033 sua
131 981 198 1048 loge
213 979 308 1032 decern
328 980 453 1032 millibus
467 980 540 1032 aeris
557 986 600 1033 est
616 980 776 1042 damnatus,
798 977 873 1047 quod

65 1050 144 1103 mille
155 1052 286 1116 iugerum
296 1050 427 1117 egricum
437 1048 678 1118 liliopossideret,
699 1050 873 1116 emancipan-

64 1120 157 1188 doque
167 1120 259 1170 filium
270 1119 396 1171 fraudem
407 1120 463 1188 legi
473 1119 595 1172 iecisset.

115 1189 207 1241 xvir.
225 1187 301 1241 Novi
316 1189 445 1243 consules
459 1189 535 1252 inde,
555 1190 595 1241 M.
606 1189 711 1241 Fabius
721 1189 873 1241 Ambustus

63 1258 219 1313 secundum
239 1264 268 1311 et
286 1258 326 1310 M.
347 1257 485 1326 Popillius
505 1259 614 1313 Laenas
633 1258 795 1321 secundum,
817 1257 873 1307 duo

63 1330 144 1383 bella
152 1327 287 1381 habuere.
305 1327 400 1381 Facile
411 1329 530 1382 alterurn
542 1346 605 1381 cum
615 1329 789 1389 Tiburtibus,
800 1325 874 1392 quod

65 1400 177 1453 Laenas
188 1398 290 1465 gessit:
309 1398 364 1464 qui,
376 1397 459 1452 hoste
467 1400 497 1450 in
508 1401 604 1450 urbem
617 1397 770 1463 compulso,
791 1410 875 1462 agros

65 1468 198 1520 vastarit.
233 1467 339 1519 Falisci
350 1468 621 1536 Tarquiniensesque
642 1468 759 1518 alterum
778 1480 874 1516 consu·

64 1539 121 1591 lem
141 1538 235 1606 prima
255 1552 348 1604 pugna
366 1538 507 1590 fuderunt.
543 1539 610 1591 lnde
625 1544 718 1590 terror
735 1536 875 1587 maximus

63 1608 130 1672 luit,
152 1607 228 1675 quod
238 1607 395 1660 sacerdotes
407 1623 517 1670 eorum,
536 1608 644 1660 facibus
656 1607 817 1660 ardentibus
828 1621 874 1656 an-

64 1680 223 1747 guibusque
235 1677 382 1743 praelatis,
403 1679 514 1729 incessu
534 1677 629 1728 furiali
644 1677 763 1730 militem
774 1677 875 1726 Roma·

64 1765 130 1800 num
141 1749 255 1799 insueta
268 1748 449 1799 turbaverunt
459 1747 565 1813 specie:
578 1754 606 1799 et
617 1754 684 1798 tunc
696 1747 807 1814 quidem
817 1744 874 1796 vel·
886 1785 890 1792 .

64 1825 96 1870 ut
121 1815 264 1885 lymphati
288 1821 317 1868 et
342 1817 466 1868 attoniti
484 1817 663 1869 munimentis
683 1819 740 1868 suis
761 1814 873 1881 trepido

65 1891 177 1956 agmine
188 1885 361 1950 inciderunt3
383 1886 496 1948 deinde,
517 1887 565 1938 ubi
580 1888 676 1939 consul
685 1887 829 1954 legatique
840 1898 874 1935 ao

65 1957 174 2009 tribuni
194 1971 343 2023 puerorum
359 1957 417 2007 ritu
436 1971 509 2007 vana
520 1959 657 2009 miracala
666 1962 799 2024 parentes
810 1953 874 2004 irri-

66 2028 169 2080 debant
189 2025 437 2093 increpabantque,
456 2029 543 2078 vertit
562 2028 669 2078 animos
690 2030 806 2092 repente
825 2038 874 2089 pu·

67 2097 131 2160 dor;
144 2103 174 2148 et
187 2097 216 2146 in
228 2110 260 2146 ea
271 2097 340 2161 ipsa,
352 2111 422 2164 quae
434 2096 569 2164 fugerant,
576 2097 652 2148 velut
660 2097 736 2148 caeci
747 2093 873 2146 mebant.

68 2165 204 2218 Discusso
226 2165 320 2231 itaque
341 2182 413 2217 vano
436 2173 571 2232 apparatu
592 2166 724 2228 hostium,
746 2179 831 2231 quum
845 2164 874 2211 in

68 2236 142 2302 ipsos
147 2241 276 2286 armatos
282 2251 313 2288 se
321 2236 493 2297 intulissent,
501 2242 662 2288 averterunt
671 2242 761 2286 totam
772 2233 874 2283 aciem:

69 2306 226 2372 castrisque
237 2305 321 2357 etiam
332 2321 365 2358 eo
377 2305 422 2356 die
432 2305 530 2371 potiti,
550 2305 654 2370 praeda
665 2303 775 2371 ingenti
784 2307 875 2367 parta,

66 2376 186 2427 victores
197 2381 384 2437 reverterunt,
395 2375 566 2425 militaribus
576 2375 648 2425 iocis
660 2388 746 2443 quum
756 2384 874 2440 appara-

67 2452 121 2497 tum
133 2445 270 2505 bostium,
281 2449 339 2494 turn
349 2459 428 2494 suum
440 2444 617 2514 increpantes
627 2461 777 2518 pauorem.
806 2442 890 2505 ¹Quin·

68 2517 167 2567 citatur
174 2513 357 2566 deindeornne
366 2517 635 2576 nomenEtruscnm
647 2529 689 2581 ct
700 2512 908 2585 Tarmiiniien·

64 2581 308 2645 rihnsFaliscisque
318 2583 449 2654 ducibus,
462 2592 501 2646 ad
514 2563 721 2671 Salinas'pedn
727 2591 853 2650 pissone,
865 2576 921 2634 m.

50 2661 137 2697 rerem
155 2662 220 2696 eum
240 2653 380 2711 torrorem
404 2660 547 2731 dictatos
573 2673 783 2735 &Marcius
799 2653 921 2716 Ratibu
