1868 2946
108 92 269 155 Limvll.
289 95 363 146 Cis.
377 92 418 145 18.
429 90 471 146 19.
490 92 534 160 [U.
546 91 687 145 cnoel.
698 91 811 163 c.351.]
842 94 878 149 2³

64 199 204 265 scripsere
215 196 343 263 quidnm3
362 213 413 250 seu
424 197 557 264 peridem
574 204 685 263 tempus
696 199 877 264 Taiquinien·

64 268 136 319 sium
154 281 266 333 quoque
281 274 346 318 sunt
359 271 464 319 vastati
482 268 544 335 agri
558 268 594 318 ab
610 265 737 334 Sulpicio
755 268 877 332 consule,

65 351 118 404 quo
129 335 265 388 Valerius
275 338 410 389 adversus
420 338 552 389 'l'iburtes
563 337 690 403 legiones
702 335 792 386 duxit.
821 336 878 387 Do·

66 407 106 458 mi
115 406 207 456 maius
223 412 365 458 certamen
377 407 537 458 consulibus
547 422 608 458 cum
623 406 705 472 plebe
717 421 751 457 ac
759 405 878 457 tribunis

66 480 138 528 tint.
174 466 259 526 Fidei
269 475 326 527 iam
339 492 415 538 suae,
435 491 491 528 non
502 477 592 528 solum
604 477 727 539 virtutis,
739 474 878 527 ducebant

66 560 137 605 esse,
147 549 181 595 ut
193 545 369 610 accepissent
380 547 436 597 duo
446 546 559 612 patricii
568 546 751 607 consulatum,
770 547 811 596 ita
821 559 878 595 nm·

66 615 156 667 bobus
172 614 302 679 patriciis
317 615 459 667 mandare.
497 616 572 678 Quin
589 620 712 667 auttoto
724 612 876 666 cedendum

67 699 137 745 csse,
148 684 175 733 si
186 683 313 750 plebeius
323 685 381 736 inm
392 685 576 751 magistratus
587 685 748 736 consulatus
760 684 818 746 lint,
827 688 878 735 out

64 759 156 804 totum
168 753 379 819 possidendum,
400 770 481 821 quom
493 754 699 822 possessionem
709 754 849 819 integram
859 766 878 803 a

64 823 194 889 patribus
205 823 386 889 accepissent.
421 823 521 876 Plebcs
532 831 630 876 contrn
641 824 747 876 fremit:
766 821 842 886 Quia
849 836 879 875 ss

62 892 161 953 ninere,
173 891 242 957 qnid
249 891 279 944 in
286 903 369 960 parte
378 892 476 945 civium
487 892 605 946 censeri.-
626 893 663 957 si,
682 893 755 960 qnod
763 892 878 945 dumne

62 960 202 1012 hominum
213 960 328 1029 virtute,
334 962 369 1015 L.
381 962 472 1016 Sextii
482 980 514 1016 ae
528 962 558 1014 C.
571 963 686 1028 Licinii,
701 970 817 1031 partum
829 961 877 1023 sit,

63 1030 93 1081 id
102 1029 227 1082 obtinere
236 1031 357 1084 universi
366 1050 419 1085 non
426 1033 549 1099 possint?
574 1031 622 1085 Vel
631 1049 716 1102 reges,
727 1033 769 1085 vel
779 1032 878 1083 decem-

63 1101 152 1163 viros,
173 1103 224 1162 vel,
242 1100 348 1169 siquod
356 1102 466 1154 tristius
476 1102 514 1154 sit
524 1101 635 1171 imperii
643 1118 753 1161 nemen,
768 1098 879 1168 patien-

64 1171 131 1221 dum
147 1185 204 1221 eise
216 1171 327 1236 potins,
349 1189 431 1240 quom
446 1172 537 1225 ambos
549 1171 689 1240 patricios
704 1168 878 1224 centulensi·

64 1241 161 1302 deant,
183 1255 234 1291 nec
248 1239 280 1293 in
294 1241 379 1293 vicem
390 1253 529 1308 pareatur
545 1252 628 1310 atque
641 1242 811 1310 impertiam
830 1239 879 1289 secl

62 1324 133 1376 pars
149 1309 256 1370 alteru,
274 1309 305 1362 in
320 1321 432 1364 aeterno
446 1312 561 1379 imperio
576 1316 684 1374 locata,
700 1310 805 1378 plebem
815 1323 879 1361 nnt-

66 1394 149 1445 qunm
160 1377 218 1429 alio
228 1388 332 1443 natam,
355 1397 435 1447 qnam
446 1383 484 1434 nd
493 1382 682 1442 serviendum
689 1388 779 1446 potet.
814 1376 878 1428 Non

67 1447 169 1498 desunt
186 1447 294 1498 tribuni
309 1459 440 1502 auctores
458 1452 617 1511 turoni-nnn
639 1448 688 1500 scd
703 1449 777 1498 inter
788 1445 879 1497 couci·

66 1523 143 1567 tatus
159 1532 211 1582 pci·
227 1533 258 1569 sc
275 1534 371 1570 omnes
387 1521 436 1570 vix
452 1521 537 1573 duces
555 1519 686 1572 eminent.
722 1515 878 1583 Aliquoties

66 1586 172 1637 frustra
184 1587 212 1637 in
224 1589 523 1654 campum‘descensum
536 1605 620 1657 quum
634 1594 722 1651 esset,
741 1586 879 1651 multique

65 1672 115 1723 per
126 1656 283 1708 seditiones
295 1659 351 1708 acti
364 1661 523 1709 comitiales
537 1661 611 1721 dios3
632 1666 773 1724 postremo
784 1656 877 1706 victae

66 1727 278 1792 perseverantia
299 1725 444 1776 consulum
465 1727 555 1792 plebis
572 1743 606 1781 co
622 1727 705 1777 dolos·
719 1726 824 1793 erupit,
845 1729 878 1774 ut

66 1796 205 1857 tribunos,
224 1804 317 1847 actum
327 1812 383 1847 este
395 1797 428 1847 de
439 1797 565 1849 libertate
576 1797 776 1856 vociferantes,
797 1792 879 1846 relin-

66 1865 256 1932 quendumque
268 1883 321 1918 non
336 1882 461 1932 cnmpnm
476 1866 533 1919 iam
548 1870 648 1929 soluto,
669 1868 715 1917 sed
729 1863 813 1917 etiam
832 1879 878 1914 nr·

66 1935 122 1986 beni
135 1945 247 2001 copiam
260 1946 342 2001 alque
353 1952 508 2003 oppressam
515 1954 599 2007 regno
601 1934 799 2003 patriciorum,
805 1947 879 1983 moc-

66 2012 111 2054 sta
122 2004 204 2070 plebs
213 2012 386 2069 sequeretur.
423 2007 571 2068 Consules,
591 2006 686 2056 relicti
703 2020 720 2055 n
736 2008 816 2068 parte
830 2015 879 2067 po·

66 2074 139 2139 puli,
160 2089 211 2141 per
222 2072 437 2141 infrequentiam
450 2076 566 2126 comitio
576 2074 664 2124 nihilo
674 2075 788 2140 segnius
798 2072 879 2136 perii·

67 2144 154 2194 ciunt.
179 2144 274 2194 Creati
285 2145 412 2195 consules
424 2147 505 2196 ambo
516 2144 639 2212 patricii,
648 2143 688 2195 M.
700 2142 803 2194 Fabius
814 2142 878 2190 ilm-

66 2214 165 2264 bustus
176 2215 302 2273 tertium,
313 2215 347 2264 T.
360 2213 517 2275 Quinctius.
553 2216 583 2265 ln
595 2212 758 2280 quibusdam
772 2209 878 2261 annali-

67 2282 117 2337 bus
129 2297 182 2348 pro
195 2283 228 2332 T.
239 2282 373 2342 Quinctio
384 2283 423 2333 M.
435 2284 587 2350 Popillium
604 2283 747 2335 consulem
757 2278 877 2331 imenio.

117 2352 195 2403 XlX.
218 2349 282 2402 Duo
295 2353 372 2403 bello
383 2367 416 2404 eo
429 2368 500 2404 anno
510 2369 643 2420 prospere
653 2358 747 2420 gesto:
758 2364 821 2401 cum
831 2348 879 2398 Ti-

67 2419 255 2488 burtibusque
275 2422 310 2473 ad
326 2422 496 2475 deditionem
512 2429 679 2493 pugnatum.
715 2418 838 2476 Sassula
852 2430 892 2469 ex

67 2487 105 2541 lis
124 2492 194 2542 urbs
213 2498 308 2557 capta:
329 2498 474 2562 ceteraque
491 2497 597 2569 oppida
610 2495 908 2555 oannemiontunum

68 2557 231 2618 imbuissent,
250 2561 281 2609 ni
290 2563 419 2617 nnn-orsa
429 2576 512 2639 gotis,
530 2575 645 2646 positis
658 2575 765 2638 sennis,
781 2561 921 2642 inffitilss

58 2627 173 2676 consulis
183 2628 310 2711 renisam<
329 2634 568 2712 l'siumphatum
579 2653 619 2711 (le
629 2649 846 2712 Tibuut'ilius:
856 2632 921 2689 nim
