1868 2946
37 170 774 241 l..t·'ll.c.1.2.[E.C.590.A.C.362.1*.c.391.ledon]

26 283 99 331 loram
118 278 164 346 Sp.
182 278 270 329 Furio
283 276 323 328 M.
343 276 403 327 lilio
417 277 551 339 camillo;
576 276 781 329 aedilitatem(

26 346 136 409 lluinetio
148 348 310 415 capitolino
320 353 349 398 et
359 344 390 398 Ρ.
401 347 532 399 Cornelio
542 345 680 413 Scipioni,
701 361 785 397 auaro

26 419 132 485 gentium
144 420 222 479 virio,
233 418 327 485 gratia
335 416 485 483 campestri
496 424 638 483 ceperunt.
673 415 707 467 L.
719 414 791 468 Sext.

26 487 119 554 rollega
136 502 172 538 ex
183 486 315 539 Patribus
331 486 414 537 datur
429 486 463 538 L.
473 487 608 539 Aemilius
619 485 796 537 Mamercinm

26 554 148 623 l'rineipio
165 556 232 607 anni
247 561 276 610 et
291 555 326 608 de
338 554 443 617 Gallia,
463 570 532 622 quos
542 557 632 623 primo
644 556 755 621 palatos
766 569 799 621 pe

26 626 136 691 ipoliarn
154 626 322 693 cirrrgregari
337 626 394 677 iam
408 624 485 676 farne
499 633 575 687 erat,
596 632 623 678 et
635 626 669 678 de
680 625 803 677 Hernico

26 709 70 747 nnn
81 694 241 747 delectione
252 696 364 762 agitata
372 696 487 747 mentio.
523 696 615 757 Quom
632 695 667 748 de
676 693 811 746 industria

26 765 151 828 rmniffine
163 765 230 831 quid
242 779 291 831 per
301 764 443 831 plebeium
455 766 596 817 consulem
608 771 815 833 ageretur,pro·

26 831 157 897 errentur,
168 833 311 886 silentium
322 835 445 885 omnium
456 850 548 886 rerum
559 850 593 887 ae
602 835 713 887 iustitio
724 831 817 885 oirnile

26 905 97 955 rtiom
108 902 175 955 luit:
198 905 253 955 nisi
269 903 343 971 quod
358 920 412 955 non
424 905 593 970 patientibus
603 905 720 957 totitem
731 904 818 955 trihu·

26 976 61 1037 rio,
80 972 156 1041 qood
166 988 219 1040 pro
229 973 344 1025 console
355 989 410 1025 uno
421 975 531 1041 plebeio
543 982 599 1027 tres
611 974 748 1042 patricios
759 986 817 1023 nta-

26 1044 153 1109 :istratuo
165 1043 309 1094 curulibus
319 1043 398 1095 sellio
409 1052 599 1110 praetextatos
610 1052 742 1112 tanquam
752 1058 816 1095 eon·

26 1113 237 1175 nleuedenteo,
257 1113 640 1182 nobilitassibismnpaieeet‚
657 1120 816 1181 praetorem

26 1182 119 1250 joidem
132 1183 218 1235 etiam
229 1183 293 1234 iura
303 1183 478 1246 reddentem,
499 1192 527 1236 et
542 1185 682 1253 collegam
698 1182 817 1235 consoli·

26 1270 71 1316 oa,
81 1260 168 1320 atque
178 1252 278 1304 iisdem
291 1254 424 1319 auspiciis
434 1260 566 1317 ereetum,
575 1253 741 1307 verecundia
752 1252 816 1305 inde

26 1324 143 1391 mpoaita
160 1328 205 1374 eat
219 1323 329 1373 senatui
339 1338 374 1374 ex
383 1322 512 1375 Patribus
528 1325 641 1377 iubendi
653 1324 759 1376 aediles
772 1338 815 1373 en-

27 1393 83 1447 eler
94 1392 195 1445 creari.
231 1391 337 1453 Prion»,
358 1399 391 1443 ut
404 1394 520 1444 alternis
535 1396 616 1445 annis
631 1410 664 1446 ex
677 1394 758 1459 plebe
770 1392 815 1443 lie·

32 1469 79 1524 ent,
95 1468 277 1513 convenerat:
300 1469 398 1526 postea
408 1466 595 1528 promiscuum
606 1463 669 1512 tuit.
698 1462 772 1523 inde,
784 1462 816 1514 l..

38 1533 133 1584 enocio
145 1539 174 1583 et
187 1531 221 1592 Q.
232 1530 294 1582 Seri
302 1532 351 1583 ilio
362 1534 532 1594 consulibus,
554 1539 582 1584 et
593 1533 628 1584 ab
638 1531 776 1583 seditione
788 1538 817 1582 et

42 1602 111 1654 'tello
122 1602 226 1669 quietis
238 1601 332 1664 rebus,
353 1618 387 1654 ne
403 1602 512 1669 qnando
524 1618 542 1654 a
554 1610 629 1655 metu
640 1618 673 1653 ac
684 1601 817 1669 perieulis

48 1680 149 1733 tarent,
165 1671 327 1736 pestilentia
337 1672 434 1738 ingens
445 1678 516 1725 orta.
553 1674 716 1733 Censorem,
741 1671 817 1722 aedi·

53 1757 62 1792 ι
82 1741 224 1803 curulem,
245 1747 301 1793 tres
321 1741 448 1793 tribunos
469 1743 557 1809 plebis
572 1750 699 1793 mortuos
714 1742 817 1804 ierunt,

77 1811 211 1878 portione
234 1818 261 1862 et
284 1827 318 1863 ex
339 1812 517 1864 multitudine
538 1813 595 1864 alia
616 1813 703 1863 multa
717 1811 816 1863 funera

66 1898 109 1933 ae:
129 1880 304 1947 irniximeque
316 1898 376 1933 eom
392 1883 579 1947 pestilentiam
591 1883 727 1950 insignem
739 1897 814 1933 moro

68 1967 90 2001 nr
101 1958 222 2011 matura,
235 1958 289 2001 tom
302 1953 410 2011 acerba,
421 1952 460 2003 ll.
472 1952 546 2002 Furii
557 1952 632 2004 iecit.
662 1951 729 2003 Fuit
739 1952 813 2003 enim

88 2020 132 2071 vir
148 2021 248 2070 unicus
260 2022 287 2070 in
299 2022 373 2071 ‹irrrni
387 2020 511 2072 fortuna:
533 2024 660 2089 princeps
676 2037 743 2088 paea
757 2022 817 2074 bel·

79 2107 92 2141 e
104 2091 189 2156 prior,
211 2105 292 2155 qoam
304 2092 462 2142 exsulatum
474 2092 538 2156 iret3
560 2093 664 2143 clarior
674 2093 702 2143 in
714 2093 816 2145 exsilio

85 2159 207 2211 eoiderio
220 2161 257 2210 eir
266 2161 352 2222 itatis,
375 2176 447 2228 quae
457 2169 541 2228 capta
551 2164 673 2214 absentis
686 2163 815 2229 implora·

89 2246 162 2295 pent,
185 2230 230 2280 rel
245 2228 394 2292 felicitate,
415 2248 470 2299 qna
490 2235 635 2284 restitutus
653 2234 814 2299 inperitiam

94 2315 102 2349 ι
113 2300 234 2366 patriam
246 2300 334 2364 ipsam
346 2301 477 2353 restituit.
506 2302 560 2354 Por
570 2302 669 2355 deinde
681 2320 729 2370 per
739 2302 815 2370 quin·

99 2370 225 2435 triginti
245 2386 331 2419 annos
347 2375 407 2431 (tot
424 2372 496 2422 enirn
513 2380 611 2438 postea
625 2374 714 2435 vixit)
730 2372 814 2425 titulo

105 2464 106 2470 =
117 2439 228 2506 gloriae
241 2439 303 2500 tuit,
326 2440 479 2508 dignusque.
491 2441 611 2506 habitus,
629 2459 709 2511 quem
721 2458 817 2494 seeun-

116 2508 236 2558 Romulo
247 2509 421 2563 eomlitorem
433 2513 508 2563 urbis
520 2514 662 2564 Romanae
674 2513 786 2563 ferrent.

127 2579 164 2627 lit
175 2576 228 2627 lroe
239 2585 266 2629 et
278 2580 431 2647 insequenti
443 2598 523 2644 ormo,
535 2585 564 2634 C.
576 2582 700 2648 Sulpicio
713 2579 820 2640 Petico,

120 2648 162 2696 oio
174 2646 291 2699 Stolone
303 2651 461 2702 consulibus
466 2689 475 2715 ,
495 2653 664 2719 pestilentia
678 2650 745 2707 luit.
781 2650 828 2704 llo

125 2720 457 2789 gnummemoriaaetom,
475 2726 533 2779 nisi
549 2727 630 2797 qnod
648 2725 840 2800 paeiadenm

540 2801 606 2857 az
