1868 2946
35 39 138 82 nli.
149 39 223 82 usn.
234 39 341 82 44—le.
357 39 658 98 [uniondum]
676 39 726 85 dn?

26 133 32 184 l
46 134 169 186 elamore
187 150 219 185 eo
229 136 349 186 tumultu
359 135 517 203 fugassent,
537 134 565 185 iu
577 136 727 187 stationem

26 218 34 254 s
50 205 188 270 provallo
205 205 325 256 locatam
345 211 428 271 atque
442 205 518 272 ipsas
535 210 728 271 propo-portos

25 279 99 326 sunt.
133 273 165 324 ld
175 289 241 325 sero
253 274 397 342 indignum
408 275 511 336 visum,
530 274 565 324 nb
576 273 728 327 tumultun·
760 294 763 299 ·

26 342 92 394 silio
108 342 164 394 iam
176 344 260 394 etiam
278 350 370 395 castra
380 344 507 396 Romana
517 343 630 396 terreri:
651 350 683 395 ut
694 360 728 396 en

26 414 75 463 'run
85 427 178 475 causa,
194 429 228 466 ne
240 413 382 480 extemplo
394 413 546 466 transirent
556 412 668 476 llumen,
688 412 729 464 di·

26 489 102 548 itque
113 483 211 544 aciem,
232 484 515 547 tenueritRomanos,
537 483 612 551 quod
621 496 728 535 summa

25 551 34 601 i
49 567 82 603 eo
100 552 145 604 die
159 568 244 620 penes
255 552 382 607 Paullum
398 552 492 606 fuerit.
528 553 625 621 ltaque
634 551 727 604 Verso

26 620 115 683 odie,
137 622 182 675 oui
197 637 260 675 sors
281 623 342 676 eius
357 623 413 676 diei
433 623 547 690 imperii
567 629 641 684 erat,
660 620 730 675 nibil

26 696 54 742 to
66 690 188 759 college,
210 690 320 761 signum
329 708 438 763 pugnae
448 692 609 761 proposuit,
627 693 730 745 instra·

26 774 37 812 e
59 761 153 829 copias
171 759 274 814 llunrm
293 762 432 828 traduxit,
458 769 592 831 sequente
612 758 730 819 Paullet

26 830 88 896 agis
100 845 155 884 non
165 832 300 898 probare,
320 848 402 900 quam
413 846 469 885 non
479 831 622 894 adiuvere,
638 831 728 884 eonsi-

26 894 147 957 iterati(
156 902 246 953 Trans
282 903 338 956 essi
348 901 449 955 llumen
461 918 509 957 ess
521 916 640 970 qnoque,
656 915 728 969 quat

26 969 70 1021 ris
81 970 239 1024 'minoribus
247 917 421 1035 sorbuerant,
444 986 476 1024 oo
496 972 539 1026 ias
556 972 615 1024 suis
631 971 729 1029 adius

26 1046 106 1106 atquo
120 1040 162 1094 its
176 1041 315 1094 instructa
331 1042 405 1106 soie,
424 1041 455 1094 in
470 987 569 1095 forero
586 1056 674 1095 corna
684 1041 728 1103 (id

26 1110 103 1163 omini·
111 1110 242 1178 propius)
253 1111 395 1172 Romanos
407 1112 514 1180 equites
525 1110 637 1174 locant,
653 1110 716 1163 dein

26 1179 89 1231 ites:
108 1179 219 1233 laevum
231 1196 318 1233 cornu
328 1183 449 1235 extremi
460 1178 568 1250 equites
578 1180 728 1242 sociorum,

28 1248 125 1312 edittae,
143 1249 179 1300 nd
190 1250 313 1303 medium
324 1252 412 1305 iuncti
422 1250 581 1320 legionibus
592 1249 727 1302 Romanis

26 1325 83 1369 rut:
103 1319 275 1373 iaculatores
286 1336 349 1373 cnm
361 1321 460 1375 ceteris
471 1320 575 1373 levium
586 1333 726 1371 armorum

26 1403 35 1438 s
55 1388 145 1455 prima
159 1388 234 1443 noies
249 1389 327 1443 faeti.
363 1390 496 1443 consules
512 1403 618 1445 citrosa
632 1394 727 1441 tenue·

26 1459 165 1510 forentius
176 1459 295 1522 loetum,
305 1460 440 1513 Aemilius
451 1459 589 1515 dextrum.
608 1457 726 1511 Gemino

25 1541 42 1577 o
53 1527 146 1580 medin
161 1543 254 1596 pugna
264 1529 368 1584 tuende
379 1529 454 1583 dota.

25 1595 72 1648 vl.
84 1598 237 1651 ·}lanuibnl
247 1599 310 1652 luce
321 1601 424 1667 primo,
442 1599 603 1651 Baliaribus
615 1598 726 1664 levique

26 1673 141 1718 matura
159 1669 327 1734 praemissa,
348 1676 538 1738 transgressus
556 1667 674 1739 flumen,
695 1674 741 1716 nt·

29 1751 44 1788 e
56 1736 227 1800 traduxerat,
245 1735 327 1790 itain
337 1739 397 1792 acie
408 1740 530 1795 locabat.
566 1738 665 1789 Gallos
675 1736 726 1787 ili·

26 1821 76 1873 que
88 1806 194 1874 equites
206 1822 293 1875 prope
303 1810 394 1876 ripam
404 1809 485 1862 laevo
496 1808 525 1861 in
537 1805 726 1863 cornuadver-

26 1891 138 1929 manum
160 1878 326 1946 equitatum:
348 1877 475 1935 dextrum
493 1893 580 1933 cornu
596 1874 725 1929 Numidis

28 1961 60 1996 us
70 1945 164 1998 datum
172 1982 181 2010 ,
201 1948 296 2000 media
307 1948 367 2000 soie
378 1948 520 2014 peditibus
530 1949 654 2009 brnrntm
672 1945 726 2005 ita,

26 2029 92 2069 »rum
109 2023 226 2083 utraque
237 2034 342 2070 cornua
353 2023 460 2080 esseut,
480 2019 726 2084 interponerentur

26 2082 61 2137 lii
71 2084 149 2143 Galli
160 2092 243 2153 atque
253 2089 380 2154 Hispani.
410 2085 492 2139 llfros
503 2088 657 2141 Romanam
667 2099 715 2139 sne

39 2162 120 2222 parte
134 2156 262 2210 crederes
281 2157 381 2210 noiem:
403 2156 445 2209 ita
454 2157 554 2209 armati
564 2162 658 2218 erant,
681 2168 724 2207 sr-

26 2223 60 2276 ad
72 2224 214 2289 Trebiam,
226 2232 346 2278 ceterum
359 2241 461 2294 magns
473 2231 599 2294 exparte
610 2225 724 2277 adea

26 2309 54 2345 m
66 2295 165 2362 captis.
202 2295 293 2349 Gallis
304 2297 492 2363 Hispanisque
508 2301 588 2348 sonte
597 2293 722 2350 eiusdem

48 2362 108 2417 iere
129 2372 221 2417 erunt:
253 2366 379 2433 dispares
399 2381 433 2420 no
453 2364 609 2419 dissimiles
629 2361 739 2429 ebodiu·-

26 2433 164 2501 praelongi
175 2436 279 2490 sosine
293 2436 664 2501 mucronibus-‚mmmm
680 2439 758 2490 W*

26 2503 97 2568 ³81⁸,
119 2519 200 2569 quam
218 2507 345 2577 caesim,
368 2518 496 2567 assueto
511 2512 627 2581 petere
636 2497 783 2563 bossffl.m

26 2569 161 2629 ausones
177 2582 287 2635 etcum
300 2586 522 2641 mucronibus·
563 2575 655 2645 §aaz
667 2570 702 2616 αἱ
710 2554 795 2606 ”m
