1762 3486
268 48 387 101 hostem.
423 44 547 112 Captivis
558 46 587 95 in
597 46 707 98 vincula
718 48 801 99 condi
811 50 863 100 ium

270 133 324 185 que
335 130 431 168 eorum
442 116 494 167 sub
505 112 586 166 hosta
596 115 725 180 venditis,
747 117 781 169 ud
794 134 863 170 nave

269 201 332 255 que,
344 184 442 253 quibus
453 183 483 235 P.
494 183 622 236 Valerius
633 185 750 237 Flaccus
766 186 863 254 praese

270 255 371 323 viginti
391 253 529 322 parandos
547 252 619 305 alies
635 254 795 308 decernunt.
832 257 862 308 H

270 323 462 390 deductisque,
479 328 509 377 et
519 323 624 376 auditis
636 324 757 391 quinque
768 324 863 374 novibr

270 399 371 447 xerunt
384 394 509 460 captivos
519 394 638 462 legatos,
657 391 775 457 triginta
785 406 863 445 never

268 468 378 514 rentum
394 462 550 527 profectae:
570 465 717 528 iussusque
732 460 762 513 P.
773 459 863 514 Valer.

268 529 471 593 Varroniano,
498 530 597 597 quibus
617 530 651 582 L.
669 530 803 597 Apustius
824 531 863 600 leg

267 605 411 671 praeerat,
431 600 460 651 in
475 615 560 653 noves
575 599 728 666 impositis,
749 600 863 668 quinque

270 671 360 722 classe
371 685 425 721 non
436 669 510 721 tueri
521 668 604 721 modo
614 668 715 721 lteiiae
727 683 813 733 orem,
824 686 863 723 ser

268 739 454 792 Macedonico
465 738 550 791 bello.
569 737 600 790 Si
610 738 795 805 congruentia
804 738 863 793 lite]

271 824 324 876 que
335 808 447 860 indiciis
458 807 580 875 Philippi
592 808 711 859 consilia
721 814 822 872 essent,
837 816 863 862 ut

269 885 429 945 praetorem
440 876 531 929 literis
543 879 690 930 oertiorem
706 877 828 931 faceret:
850 881 863 931 i

270 949 327 999 etio
339 948 434 1014 legato
446 947 581 999 exercitui
597 948 773 1014 praeposito,
793 949 863 1003 Tere

270 1033 330 1069 sem
346 1015 502 1084 profectur,
521 1016 610 1083 primo
626 1031 737 1085 quoque
753 1024 863 1088 tempor

269 1088 346 1137 niam
358 1086 571 1137 transmitteret:
591 1085 724 1152 daretque
736 1102 860 1154 operam,

269 1157 298 1206 in
314 1170 400 1223 regno
413 1155 577 1205 contineret.
613 1153 738 1206 Pecunia
752 1157 788 1207 ud
804 1157 863 1209 eloe

270 1224 429 1290 bellumque
440 1223 655 1275 Macedonicum
676 1239 710 1295 ea
731 1225 847 1278 decreto

271 1293 389 1345 Claudio
401 1293 431 1345 in
442 1290 567 1343 Siciliam
577 1293 664 1343 misso
675 1299 745 1355 erat,
757 1300 790 1346 ut
800 1296 863 1348 red(

271 1363 300 1413 ni
316 1362 388 1429 regi:
410 1377 444 1414 ea
458 1376 508 1428 per
527 1362 560 1413 L.
570 1362 716 1428 Apustium
733 1364 860 1431 legatum

271 1431 395 1482 devecto.
432 1430 523 1483 Simul
543 1431 576 1483 ab
593 1432 717 1484 Hierone
739 1434 825 1485 mium
847 1435 863 1487 d

268 1499 391 1550 modium
403 1499 501 1563 tritici,
515 1506 543 1552 et
554 1497 652 1554 hordei
664 1508 783 1554 eentum.

321 1568 451 1619 XXXIX.
469 1568 543 1620 Dum
556 1569 625 1622 haee
635 1571 754 1622 Romani
763 1580 863 1634 parunt
