1762 3486
34 562 53 596 t.
66 542 102 594 x.
123 544 196 595 cm».
207 540 251 593 lo.
261 542 306 594 tt.
325 542 370 609 [a.
380 542 409 593 e.
420 540 481 612 4⁵9·
493 544 527 593 A.
539 542 570 593 c,
581 544 651 613 ubl
681 544 733 596 aaa

478 620 731 635 *-

37 684 46 710 ‚
71 661 158 713 prope
174 646 269 697 aedem
287 646 345 699 eius
361 646 476 698 deaeab
489 644 732 715 inpetraturum

34 732 100 767 zum:
123 721 153 767 et
170 715 307 767 militibus
326 730 361 768 ex
378 715 483 782 praeda
503 720 635 768 centenos
652 716 733 767 binus

34 794 59 837 et
71 785 191 837 alterum
201 790 310 835 tantum
323 784 529 837 centurionibus
541 791 625 851 atque
637 786 735 851 equiti·

34 854 194 923 ialignitata
208 853 334 922 collegae
343 857 452 921 gratius
466 854 666 920 accipientibus
677 870 734 903 niri-

35 924 113 977 visit.
147 922 241 976 Faror
250 924 373 975 consulis
382 928 491 975 tutatus
500 921 536 973 ael
548 922 679 991 populum
692 932 734 973 est

38 994 158 1045 tumium
177 993 301 1061 legatum
321 994 393 1046 eiust
415 993 479 1060 qui,
501 992 578 1043 dieta
598 992 643 1045 (lie
662 1007 680 1044 a
695 993 732 1043 lll.

37 1062 153 1116 tribuno
164 1063 267 1129 plebis,
288 1061 399 1129 iugarat
410 1062 439 1113 in
450 1062 618 1128 legationem
636 1066 682 1123 (ut
693 1061 733 1113 fa-

35 1134 106 1195 rbnt)
119 1133 216 1200 populi
225 1132 372 1183 iudicium:
383 1132 535 1199 iactarique
545 1131 644 1201 magis,
652 1146 733 1199 quam

49 1202 193 1253 accusatio
204 1202 264 1253 eius
276 1208 395 1266 poterat.

35 1268 96 1324 vu.
106 1270 214 1323 Exacto
225 1272 280 1323 inm
293 1285 373 1333 anno,
384 1268 450 1323 nori
461 1268 567 1323 tribuni
577 1268 667 1337 plebis
677 1284 735 1320 ma·

35 1356 80 1391 um
101 1340 233 1393 inierunt:
255 1340 346 1407 iisque
365 1340 448 1408 ipsis,
469 1340 537 1421 quia
555 1339 625 1391 uitio
646 1338 734 1390 creati

36 1408 157 1477 quinque
166 1413 231 1475 post
243 1407 302 1460 (lies
313 1409 364 1459 alii
374 1408 494 1462 suffecti.
529 1408 658 1461 Lustrum
672 1424 734 1457 erm·

35 1493 70 1532 eo
89 1494 160 1530 atino
176 1485 218 1530 est
234 1494 251 1529 a
263 1478 291 1530 l'.
304 1478 434 1530 Cornelio
449 1478 566 1538 Arvina,
587 1480 616 1528 C.
626 1478 733 1527 blumio

37 1549 216 1601 censoribus:
238 1563 320 1598 censa
330 1548 450 1613 capitum
464 1547 553 1598 millia
563 1546 681 1598 ducenta
693 1563 733 1595 se-

35 1616 115 1671 tuno
128 1623 252 1668 trecenta
262 1617 359 1683 viginti
373 1616 437 1668 duo.
464 1618 597 1669 Censores
609 1616 731 1667 uicesimi

35 1727 37 1737 .
51 1686 150 1754 primis
165 1687 338 1749 censoribus3
360 1687 478 1738 lustrum
498 1685 731 1737 undevicesimum

35 1754 138 1807 llotlem
159 1770 231 1809 arrno
252 1756 377 1807 coronati
391 1756 524 1821 primum,
546 1754 581 1805 ob
598 1768 642 1803 res
657 1752 732 1801 bello

35 1832 119 1887 estas,
141 1825 223 1877 ludos
233 1824 372 1876 Romanos
384 1830 591 1890 spectaverunt:
614 1822 732 1888 palumm-

35 1912 55 1947 n
66 1896 200 1961 primum,
214 1893 378 1945 translatae
390 1894 510 1945 Graecia
520 1906 608 1953 nieme,
622 1891 733 1941 victuri-

35 1974 88 2017 iae.
125 1965 229 2015 Eodem
242 1978 313 2013 anno
325 1964 359 2013 ab
370 1962 508 2015 aedilibus
519 1960 668 2021 curulibus,
688 1958 732 2023 qui

35 2048 75 2087 ‚os
84 2032 217 2095 lecerunt,
228 2033 364 2083 ‹lamnatis
375 2032 483 2099 aliquot
492 2030 644 2097 pecuariis,
659 2028 704 2080 ria
717 2044 732 2077 a

59 2102 142 2154 silice
162 2101 197 2154 ad
217 2102 341 2153 Bovillas
364 2108 505 2167 perstrata
524 2106 576 2153 est.
612 2098 732 2151 Comitia

35 2172 93 2225 tria
102 2172 135 2223 L.
148 2171 275 2238 Papirius
287 2171 393 2223 babuit.
430 2171 542 2222 creavit
561 2169 686 2221 consules
699 2168 731 2227 Q.

35 2258 46 2293 ι
59 2240 179 2293 Maximi
194 2241 281 2293 lilium
297 2241 443 2309 Gurgitem
458 2247 487 2291 et
501 2240 536 2291 l).
549 2240 654 2291 lunium
665 2238 733 2287 Bru·

35 2324 147 2365 aeram:
167 2311 226 2377 ipso
236 2310 362 2377 Papirius
378 2315 490 2377 praetor
500 2308 600 2360 factus.
636 2306 732 2357 lllultm

35 2382 126 2434 lactus
141 2394 227 2431 annus
241 2382 287 2432 rix
304 2381 337 2431 ad
350 2380 481 2433 solatium
493 2379 574 2429 unius
587 2377 668 2437 mali,
689 2391 733 2441 pe·

36 2466 78 2504 ,ae
93 2450 199 2501 urentis
215 2449 297 2500 simul
309 2450 404 2500 urbem
421 2455 504 2514 utque
516 2462 600 2515 agros
610 2446 733 2499 sull'eeit:

36 2528 118 2586 toque
133 2520 187 2570 iam
202 2519 303 2569 similis
315 2518 408 2569 clades
419 2524 489 2569 erat.
525 2517 563 2567 ut
578 2515 643 2568 libri
654 2516 733 2569 adili.

36 2608 41 2642 ι
59 2589 137 2650 linis,
158 2597 206 2640 aut
221 2587 295 2655 quotl
311 2587 464 2639 remedium
481 2587 540 2638 eius
551 2586 618 2637 mali
633 2588 667 2637 ab
679 2586 733 2635 eliis

36 2676 55 2713 r.
80 2658 221 2709 Inventum
233 2659 261 2708 in
272 2657 358 2717 libris,
369 2656 560 2724 Aesculapium
570 2658 605 2709 ab
615 2656 734 2722 Epidau·

36 2742 95 2781 ram
107 2726 309 2778 arcessendum.
339 2726 435 2793 Neque
447 2742 479 2778 eo
491 2740 572 2787 anno,
583 2726 649 2794 quia
658 2724 733 2775 bello

36 2798 64 2853 tl
80 2796 313 2856 consumserant,
335 2796 478 2862 quicquam
496 2795 531 2847 de
542 2810 577 2847 ea
587 2810 617 2847 re
630 2802 734 2844 aetium:

36 2880 130 2937 ¹sparsam
145 2866 217 2931 quod
232 2880 315 2915 unum
333 2865 405 2918 diem
419 2865 584 2933 Aesculapio
601 2862 733 2929 supplica-

36 2938 140 2991 ltacst.

242 3048 414 3065 ...Ἣ
