1868 2946
81 112 288 166 innxxrn.
301 113 375 165 crs.
387 112 445 165 aa.
459 114 502 178 [n.
514 96 658 170 ceras.
671 115 700 168 e.
713 118 781 184 nu]
799 116 849 169 aar

638 197 848 210 ——a-——a-

48 221 150 285 cipere,
171 218 198 269 ci
208 232 317 284 semper
327 217 516 284 partialem,
537 219 687 271 secundum
699 234 759 271 eam
771 220 851 271 litem

49 286 243 349 indicendae,
264 302 334 353 quae
343 289 432 354 magis
441 287 587 354 popularis
599 290 744 355 aptiorque
755 290 784 339 in
793 291 851 339 rul-

49 374 99 426 gus
115 356 208 411 favori
223 356 397 409 conciliando
413 362 495 409 esset.
530 358 590 409 lam
604 373 670 410 vero
686 357 755 409 nihil
767 359 795 408 in
811 373 851 409 se·

50 434 117 478 natu
122 433 216 479 actum
228 426 320 489 aliter,
330 442 412 494 quam
423 427 448 477 si
459 426 549 493 plebis
560 427 599 479 ibi
609 433 683 480 esset
693 428 853 479 concilium.

51 497 142 549 Prona
158 508 268 562 semper
278 497 376 547 civitas
393 497 422 546 in
433 495 586 558 luxurium,
608 513 664 548 non
676 497 851 564 ingeniorum

50 565 230 629 medovitic,
249 566 299 619 sed
309 565 435 618 affluenti
444 567 525 631 copia
534 565 730 634 voluptatium,
752 572 780 618 et
791 566 851 617 ille·

51 635 143 689 ccbrie
162 636 254 687 omma
273 635 449 689 amoenitatis
469 636 628 693 maritimae
642 637 852 704 terrestrisque;

50 713 110 757 tum
129 719 197 756 vero
215 704 258 757 lta
275 705 409 771 obsequio
420 705 577 774 principum
592 711 622 757 et
636 704 752 758 licentla
761 705 853 772 plebei

50 774 192 837 lascivire,
212 778 243 826 ut
254 790 305 827 nec
314 773 425 827 libidini
433 789 485 826 nec
493 774 650 842 sumptibus
661 774 759 826 medus
769 782 852 829 esset.

49 844 287 911 Adcontemptum
299 844 401 913 legum,
419 845 648 912 magistratuum,
667 850 791 907 senatus,
809 860 855 896 ac·

50 914 137 967 cessit
145 920 214 976 tum,
229 920 293 980 pust
304 915 474 966 Cannensem
485 914 604 976 cladem,
618 918 658 975 ut,
670 913 747 966 cuius
759 912 853 981 aliqim

50 990 114 1037 erat
128 982 308 1046 uerecundia,
328 983 483 1035 Romanum
497 997 608 1051 quoque
622 984 768 1050 imparium
779 998 853 1049 sper-

47 1056 156 1106 nerent.
191 1050 224 1103 lel
233 1053 316 1105 modo
325 1060 389 1105 erat
401 1052 431 1102 in
441 1067 534 1115 mora,
555 1068 590 1105 ne
602 1054 741 1119 extemplo
754 1053 853 1104 delice-

45 1127 120 1184 rent,
135 1120 210 1187 quod
221 1121 389 1174 connubium
398 1127 538 1173 uetustum
549 1121 652 1173 multas
663 1121 786 1173 familias
798 1123 853 1173 cla·

44 1208 93 1244 ras
104 1196 276 1257 nepotentes
286 1192 419 1243 Romanis
436 1191 600 1243 miscuerat:
622 1195 651 1241 et
662 1191 748 1257 qued,
769 1207 852 1258 quum

46 1261 205 1313 militarent
214 1260 322 1328 aliquot
337 1260 411 1328 apud
421 1259 576 1320 Romanos,
598 1260 852 1312 maximumvincu-

45 1331 107 1383 lum
113 1331 318 1383 eranttrecenti
329 1331 445 1396 equites,
455 1330 766 1396 nobilissimaequisque
773 1331 851 1381 Gam-

45 1414 197 1521 Rubrum,
217 1400 245 1449 in
255 1400 396 1466 praesidia
407 1398 561 1453 Sicularum
582 1398 691 1450 urbium
702 1398 805 1451 delecti
816 1400 851 1450 ab

71 1469 181 1521 omanis
193 1484 227 1521 ac
238 1470 324 1521 misai.

100 1539 136 1591 V.
154 1538 264 1589 Horum
283 1549 411 1605 parentes
432 1539 605 1606 cognatique
625 1550 709 1605 aegre
729 1538 853 1604 perviae:

44 1616 128 1670 runt,
148 1613 179 1658 ut
187 1607 277 1676 legati
291 1607 480 1660 adcumulem
491 1608 647 1660 Romanum
663 1607 850 1660 mitterentur.

43 1680 77 1742 li,
100 1676 222 1729 nondum
234 1678 382 1729 Canusium
392 1677 557 1745 prefectum,
577 1677 627 1729 scd
637 1674 778 1730 Venusiae
790 1692 850 1729 cum

43 1747 144 1817 paucis
158 1761 191 1797 ac
205 1747 399 1799 semiermibus
414 1747 555 1799 consulem
569 1747 748 1810 invenerunt,
768 1762 849 1815 quam

41 1821 162 1886 poterat
179 1819 297 1867 maxime
309 1817 497 1868 miserabilem
513 1817 594 1867 benis
605 1816 715 1882 sociis3„
725 1816 850 1882 superbis

42 1894 133 1953 atque
144 1884 310 1946 infidelibus,
320 1892 351 1936 ut
362 1891 442 1938 erant
451 1886 594 1952 carmani,
605 1885 798 1952 spernendum.
813 1885 851 1935 lit

41 1956 128 2011 auxit
141 1969 232 2005 rerum
249 1969 361 2005 suarum
378 1955 477 2021 suique
490 1961 678 2021 contemptum
701 1953 797 2004 consul
811 1955 840 2004 ni

39 2026 99 2081 mis
111 2022 266 2089 detegendo
283 2022 389 2075 cladem
404 2022 599 2089 nudandoque.
635 2024 706 2075 Nam
718 2038 802 2088 quum
814 2022 851 2074 le·

36 2095 117 2167 gesti,
140 2107 222 2158 aegre
237 2092 312 2144 ferre
324 2099 449 2143 senatum
466 2092 655 2159 populumque
670 2095 849 2159 Campanum,

36 2161 160 2221 adversi
169 2162 312 2227 quicquam
319 2161 590 2223 evenisaeltbmanis,
598 2162 782 2224 nuntiassent,
792 2162 850 2229 pul·

36 2236 254 2297 licerenturque
273 2229 374 2292 omnia,
393 2245 465 2298 quae
485 2231 522 2282 ad
536 2231 639 2284 bellum
660 2232 730 2298 epus
744 2237 849 2293 essent:

36 2299 263 2367 Moremmagie,
283 2300 389 2368 inquit,
411 2300 534 2370 loquendi
546 2317 605 2353 curn
620 2301 701 2353 sociis
712 2300 850 2353 terreatis.

36 2368 194 2438 cuniperti,
208 2369 338 2431 iubentes,
351 2383 421 2434 quae
432 2387 498 2438 epae
512 2380 599 2423 careret
610 2371 646 2421 ecl
655 2370 759 2432 bellum,
769 2370 849 2436 impa-

36 2459 126 2503 rare,
148 2454 228 2507 quam
240 2439 425 2491 convenienter
437 2441 654 2507 adpraesentent
668 2439 808 2509 fortunae.
817 2452 865 2486 nn-

36 2527 120 2570 etrae
130 2517 234 2563 etatum
244 2508 328 2561 locuti
336 2508 408 2562 estis.
445 2509 520 2575 Quid
531 2511 606 2565 enim
616 2509 699 2564 nubit
711 2507 751 2558 ab
763 2504 891 2553 Cannar·

36 2583 217 2639 -elictumeef,
230 2587 269 2638 ul,
281 2580 364 2646 quasi
371 2580 482 2650 aliquid
487 2582 663 2642 leabeunuea,
671 2579 715 2643 iel,
726 2571 808 2643 quei
815 2566 917 2665 eccm-¹.

36 2647 140 2717 aiplm'
151 2645 186 2695 ab
205 2648 288 2699 societ
304 2651 450 2708 aelianus?
473 2656 604 2711 Pedites
621 2648 710 2707 cubit
726 2638 905 2707 {mucetum
