<?xml version="1.0" encoding="UTF-8"?>
<!DOCTYPE html PUBLIC "-//W3C//DTD XHTML 1.0 Transitional//EN"
    "http://www.w3.org/TR/xhtml1/DTD/xhtml1-transitional.dtd">
<html xmlns="http://www.w3.org/1999/xhtml" xml:lang="en" lang="en">
 <head>
  <title>
</title>
<meta http-equiv="Content-Type" content="text/html;charset=utf-8" />
  <meta name='ocr-system' content='tesseract 3.04.00' />
  <meta name='ocr-capabilities' content='ocr_page ocr_carea ocr_par ocr_line ocrx_word'/>
</head>
<body>
  <div class='ocr_page' id='page_1' title='image "./tliviipatavinih00livigoog_0212.png"; bbox 0 0 1868 2946; ppageno 0'>
   <div class='ocr_carea' id='block_1_1' title="bbox 50 103 782 176">
    <p class='ocr_par' dir='ltr' id='par_1_1' title="bbox 50 103 782 176">
     <span class='ocr_line' id='line_1_1' title="bbox 50 103 782 176; baseline 0.001 -16"><span class='ocrx_word' id='word_1_1' title='bbox 50 107 128 160; x_wconf 77' lang='lat' dir='ltr'><strong>Lito.</strong></span> <span class='ocrx_word' id='word_1_2' title='bbox 140 105 174 158; x_wconf 83' lang='lat' dir='ltr'><strong>X.</strong></span> <span class='ocrx_word' id='word_1_3' title='bbox 192 103 371 159; x_wconf 62' lang='lat' dir='ltr'><strong>eseliae.</strong></span> <span class='ocrx_word' id='word_1_4' title='bbox 390 104 537 172; x_wconf 83' lang='lat' dir='ltr'><strong>[U.C.457.</strong></span> <span class='ocrx_word' id='word_1_5' title='bbox 548 107 696 176; x_wconf 80' lang='lat' dir='ltr'><strong>A.c.·295.]</strong></span> <span class='ocrx_word' id='word_1_6' title='bbox 731 110 782 161; x_wconf 81' lang='lat'><strong>207</strong></span> 
     </span>
    </p>
   </div>
   <div class='ocr_carea' id='block_1_2' title="bbox 24 208 867 2735">
    <p class='ocr_par' dir='ltr' id='par_1_2' title="bbox 24 208 786 768">
     <span class='ocr_line' id='line_1_2' title="bbox 35 208 783 294; baseline -0.003 -28"><span class='ocrx_word' id='word_1_7' title='bbox 35 211 157 294; x_wconf 77' lang='lat' dir='ltr'><strong>collegio</strong></span> <span class='ocrx_word' id='word_1_8' title='bbox 177 209 283 278; x_wconf 74' lang='lat' dir='ltr'><strong>experti</strong></span> <span class='ocrx_word' id='word_1_9' title='bbox 294 211 390 278; x_wconf 72' lang='lat' dir='ltr'><strong>posse!</strong></span> <span class='ocrx_word' id='word_1_10' title='bbox 410 208 549 264; x_wconf 79' lang='lat' dir='ltr'><strong><em>Neminem</em></strong></span> <span class='ocrx_word' id='word_1_11' title='bbox 563 212 681 264; x_wconf 83' lang='lat' dir='ltr'><strong>omnium</strong></span> <span class='ocrx_word' id='word_1_12' title='bbox 696 227 783 264; x_wconf 75' lang='lat' dir='ltr'><strong>secum</strong></span> 
     </span>
     <span class='ocr_line' id='line_1_3' title="bbox 27 278 784 401; baseline -0.005 -65"><span class='ocrx_word' id='word_1_13' title='bbox 27 283 112 352; x_wconf 73' lang='lat' dir='ltr'><strong>iunge</strong></span> <span class='ocrx_word' id='word_1_14' title='bbox 121 283 215 333; x_wconf 84' lang='lat' dir='ltr'><strong>molle:</strong></span> <span class='ocrx_word' id='word_1_15' title='bbox 236 289 264 332; x_wconf 85' lang='lat' dir='ltr'><strong>et</strong></span> <span class='ocrx_word' id='word_1_16' title='bbox 279 280 419 401; x_wconf 53' lang='lat' dir='ltr'><strong>copiarum</strong></span> <span class='ocrx_word' id='word_1_17' title='bbox 429 280 498 333; x_wconf 82' lang='lat' dir='ltr'><strong>satis</strong></span> <span class='ocrx_word' id='word_1_18' title='bbox 509 280 561 334; x_wconf 78' lang='lat' dir='ltr'><strong>sibi</strong></span> <span class='ocrx_word' id='word_1_19' title='bbox 571 298 631 334; x_wconf 81' lang='lat' dir='ltr'><strong>cern</strong></span> <span class='ocrx_word' id='word_1_20' title='bbox 642 281 677 333; x_wconf 88' lang='lat' dir='ltr'><strong>P.</strong></span> <span class='ocrx_word' id='word_1_21' title='bbox 689 278 784 343; x_wconf 81' lang='lat' dir='ltr'><strong><em>Decio,</em></strong></span> 
     </span>
     <span class='ocr_line' id='line_1_4' title="bbox 24 349 785 423; baseline -0.008 -16"><span class='ocrx_word' id='word_1_22' title='bbox 24 365 161 420; x_wconf 78' lang='lat' dir='ltr'><strong>nunquam</strong></span> <span class='ocrx_word' id='word_1_23' title='bbox 175 349 287 403; x_wconf 76' lang='lat' dir='ltr'><strong>nimium</strong></span> <span class='ocrx_word' id='word_1_24' title='bbox 322 351 420 403; x_wconf 76' lang='lat' dir='ltr'><strong>octium</strong></span> <span class='ocrx_word' id='word_1_25' title='bbox 429 351 504 423; x_wconf 79' lang='lat' dir='ltr'><strong>fore.</strong></span> <span class='ocrx_word' id='word_1_26' title='bbox 542 350 592 405; x_wconf 84' lang='lat' dir='ltr'><strong>Sin</strong></span> <span class='ocrx_word' id='word_1_27' title='bbox 606 350 785 420; x_wconf 78' lang='lat' dir='ltr'><strong>collegcqeirl</strong></span> 
     </span>
     <span class='ocr_line' id='line_1_5' title="bbox 24 418 785 480; baseline -0.007 -4"><span class='ocrx_word' id='word_1_28' title='bbox 24 424 53 476; x_wconf 84' lang='lat' dir='ltr'><strong>ui</strong></span> <span class='ocrx_word' id='word_1_29' title='bbox 63 420 158 480; x_wconf 82' lang='lat' dir='ltr'><strong>molit,</strong></span> <span class='ocrx_word' id='word_1_30' title='bbox 179 428 210 471; x_wconf 85' lang='lat' dir='ltr'><strong>at</strong></span> <span class='ocrx_word' id='word_1_31' title='bbox 225 419 276 471; x_wconf 80' lang='lat' dir='ltr'><strong>sibi</strong></span> <span class='ocrx_word' id='word_1_32' title='bbox 285 418 318 470; x_wconf 81' lang='lat' dir='ltr'><strong>L.</strong></span> <span class='ocrx_word' id='word_1_33' title='bbox 335 418 506 473; x_wconf 82' lang='lat' dir='ltr'><strong>Volumnium</strong></span> <span class='ocrx_word' id='word_1_34' title='bbox 516 422 614 473; x_wconf 76' lang='lat' dir='ltr'><strong>dorent</strong></span> <span class='ocrx_word' id='word_1_35' title='bbox 623 421 785 473; x_wconf 81' lang='lat' dir='ltr'><strong>adiutorem.</strong></span> 
     </span>
     <span class='ocr_line' id='line_1_6' title="bbox 24 489 786 556; baseline -0.007 -11"><span class='ocrx_word' id='word_1_36' title='bbox 24 492 111 545; x_wconf 71' lang='lat' dir='ltr'><strong>‚nium</strong></span> <span class='ocrx_word' id='word_1_37' title='bbox 119 504 212 541; x_wconf 88' lang='lat' dir='ltr'><strong>rerum</strong></span> <span class='ocrx_word' id='word_1_38' title='bbox 223 489 368 541; x_wconf 82' lang='lat' dir='ltr'><strong>arbitrium</strong></span> <span class='ocrx_word' id='word_1_39' title='bbox 378 495 408 542; x_wconf 89' lang='lat' dir='ltr'><strong>et</strong></span> <span class='ocrx_word' id='word_1_40' title='bbox 418 506 436 541; x_wconf 88' lang='lat' dir='ltr'><strong>a</strong></span> <span class='ocrx_word' id='word_1_41' title='bbox 446 491 559 556; x_wconf 91' lang='lat' dir='ltr'><strong>populo,</strong></span> <span class='ocrx_word' id='word_1_42' title='bbox 570 496 600 543; x_wconf 84' lang='lat' dir='ltr'><strong>et</strong></span> <span class='ocrx_word' id='word_1_43' title='bbox 610 507 628 542; x_wconf 90' lang='lat' dir='ltr'><strong>a</strong></span> <span class='ocrx_word' id='word_1_44' title='bbox 639 496 747 552; x_wconf 88' lang='lat' dir='ltr'><strong>senatu,</strong></span> <span class='ocrx_word' id='word_1_45' title='bbox 757 497 786 541; x_wconf 89' lang='lat' dir='ltr'><strong>et</strong></span> 
     </span>
     <span class='ocr_line' id='line_1_7' title="bbox 24 559 785 630; baseline -0.004 -17"><span class='ocrx_word' id='word_1_46' title='bbox 24 563 84 630; x_wconf 87' lang='lat' dir='ltr'><strong>ipso</strong></span> <span class='ocrx_word' id='word_1_47' title='bbox 95 559 218 627; x_wconf 85' lang='lat' dir='ltr'><strong>collega,</strong></span> <span class='ocrx_word' id='word_1_48' title='bbox 240 559 328 611; x_wconf 85' lang='lat' dir='ltr'><strong>Fabio</strong></span> <span class='ocrx_word' id='word_1_49' title='bbox 344 560 510 628; x_wconf 88' lang='lat' dir='ltr'><strong>permissum</strong></span> <span class='ocrx_word' id='word_1_50' title='bbox 524 567 576 613; x_wconf 91' lang='lat' dir='ltr'><strong>est.</strong></span> <span class='ocrx_word' id='word_1_51' title='bbox 611 561 650 611; x_wconf 83' lang='lat' dir='ltr'><strong>Et</strong></span> <span class='ocrx_word' id='word_1_52' title='bbox 660 574 744 626; x_wconf 84' lang='lat' dir='ltr'><strong>quum</strong></span> <span class='ocrx_word' id='word_1_53' title='bbox 755 559 785 610; x_wconf 87' lang='lat' dir='ltr'><strong>P.</strong></span> 
     </span>
     <span class='ocr_line' id='line_1_8' title="bbox 24 627 786 696; baseline -0.005 -12"><span class='ocrx_word' id='word_1_54' title='bbox 24 632 84 685; x_wconf 84' lang='lat' dir='ltr'><strong>cius</strong></span> <span class='ocrx_word' id='word_1_55' title='bbox 95 644 126 681; x_wconf 89' lang='lat' dir='ltr'><strong>sc</strong></span> <span class='ocrx_word' id='word_1_56' title='bbox 137 628 167 680; x_wconf 85' lang='lat' dir='ltr'><strong>iu</strong></span> <span class='ocrx_word' id='word_1_57' title='bbox 177 627 321 681; x_wconf 85' lang='lat' dir='ltr'><strong>Samnium</strong></span> <span class='ocrx_word' id='word_1_58' title='bbox 337 629 384 682; x_wconf 83' lang='lat' dir='ltr'><strong>vel</strong></span> <span class='ocrx_word' id='word_1_59' title='bbox 393 629 423 679; x_wconf 91' lang='lat' dir='ltr'><strong>in</strong></span> <span class='ocrx_word' id='word_1_60' title='bbox 434 628 577 681; x_wconf 82' lang='lat' dir='ltr'><strong>Etruriam</strong></span> <span class='ocrx_word' id='word_1_61' title='bbox 587 628 728 696; x_wconf 86' lang='lat' dir='ltr'><strong>proficisci</strong></span> <span class='ocrx_word' id='word_1_62' title='bbox 739 642 786 694; x_wconf 87' lang='lat' dir='ltr'><strong>pa·</strong></span> 
     </span>
     <span class='ocr_line' id='line_1_9' title="bbox 24 697 786 768; baseline -0.005 -15"><span class='ocrx_word' id='word_1_63' title='bbox 24 716 72 753; x_wconf 92' lang='lat' dir='ltr'><strong>um</strong></span> <span class='ocrx_word' id='word_1_64' title='bbox 83 714 147 752; x_wconf 88' lang='lat' dir='ltr'><strong>esse</strong></span> <span class='ocrx_word' id='word_1_65' title='bbox 162 697 346 761; x_wconf 74' lang='lat' dir='ltr'><strong>ostendisset,</strong></span> <span class='ocrx_word' id='word_1_66' title='bbox 365 703 447 750; x_wconf 85' lang='lat' dir='ltr'><strong>tanta</strong></span> <span class='ocrx_word' id='word_1_67' title='bbox 459 698 573 751; x_wconf 86' lang='lat' dir='ltr'><strong>laetitia</strong></span> <span class='ocrx_word' id='word_1_68' title='bbox 586 715 619 751; x_wconf 86' lang='lat' dir='ltr'><strong>ac</strong></span> <span class='ocrx_word' id='word_1_69' title='bbox 633 698 786 768; x_wconf 79' lang='lat' dir='ltr'><strong>gratulatio</strong></span> 
     </span>
    </p>

    <p class='ocr_par' dir='ltr' id='par_1_3' title="bbox 24 766 851 1463">
     <span class='ocr_line' id='line_1_10' title="bbox 24 766 788 837; baseline -0.004 -16"><span class='ocrx_word' id='word_1_70' title='bbox 24 778 43 835; x_wconf 93' lang='lat' dir='ltr'><strong>t,</strong></span> <span class='ocrx_word' id='word_1_71' title='bbox 56 774 90 821; x_wconf 93' lang='lat' dir='ltr'><strong>ut</strong></span> <span class='ocrx_word' id='word_1_72' title='bbox 102 766 310 834; x_wconf 85' lang='lat' dir='ltr'><strong>praeciperetur</strong></span> <span class='ocrx_word' id='word_1_73' title='bbox 319 768 439 819; x_wconf 79' lang='lat' dir='ltr'><strong>victoria</strong></span> <span class='ocrx_word' id='word_1_74' title='bbox 450 767 559 831; x_wconf 76' lang='lat' dir='ltr'><strong>arsinus,</strong></span> <span class='ocrx_word' id='word_1_75' title='bbox 568 768 788 837; x_wconf 74' lang='lat' dir='ltr'><strong>triumphusque,</strong></span> 
     </span>
     <span class='ocr_line' id='line_1_11' title="bbox 24 836 786 893; baseline -0.008 0"><span class='ocrx_word' id='word_1_76' title='bbox 24 838 154 893; x_wconf 77' lang='lat' dir='ltr'><strong>ibellum</strong></span> <span class='ocrx_word' id='word_1_77' title='bbox 165 836 306 890; x_wconf 89' lang='lat' dir='ltr'><strong>decretum</strong></span> <span class='ocrx_word' id='word_1_78' title='bbox 317 838 477 889; x_wconf 87' lang='lat' dir='ltr'><strong>consulibus</strong></span> <span class='ocrx_word' id='word_1_79' title='bbox 487 837 637 891; x_wconf 78' lang='lat' dir='ltr'><strong>rideretur.</strong></span> <span class='ocrx_word' id='word_1_80' title='bbox 672 837 786 890; x_wconf 85' lang='lat' dir='ltr'><strong>Invenio</strong></span> 
     </span>
     <span class='ocr_line' id='line_1_12' title="bbox 24 906 787 976; baseline -0.007 -14"><span class='ocrx_word' id='word_1_81' title='bbox 24 909 54 962; x_wconf 84' lang='lat' dir='ltr'><strong>sd</strong></span> <span class='ocrx_word' id='word_1_82' title='bbox 64 907 212 976; x_wconf 84' lang='lat' dir='ltr'><strong>quosdam,</strong></span> <span class='ocrx_word' id='word_1_83' title='bbox 223 907 372 975; x_wconf 85' lang='lat' dir='ltr'><strong>extemplo,</strong></span> <span class='ocrx_word' id='word_1_84' title='bbox 383 907 530 959; x_wconf 81' lang='lat' dir='ltr'><strong>consulatu</strong></span> <span class='ocrx_word' id='word_1_85' title='bbox 539 908 625 970; x_wconf 90' lang='lat' dir='ltr'><strong>inito,</strong></span> <span class='ocrx_word' id='word_1_86' title='bbox 644 906 787 976; x_wconf 85' lang='lat' dir='ltr'><strong>proiectos</strong></span> 
     </span>
     <span class='ocr_line' id='line_1_13' title="bbox 24 976 787 1044; baseline -0.004 -13"><span class='ocrx_word' id='word_1_87' title='bbox 24 976 171 1031; x_wconf 82' lang='lat' dir='ltr'><strong>Etruriam</strong></span> <span class='ocrx_word' id='word_1_88' title='bbox 182 976 301 1029; x_wconf 89' lang='lat' dir='ltr'><strong>Fabium</strong></span> <span class='ocrx_word' id='word_1_89' title='bbox 310 977 493 1044; x_wconf 81' lang='lat' dir='ltr'><strong>Deciumque,</strong></span> <span class='ocrx_word' id='word_1_90' title='bbox 504 977 564 1029; x_wconf 90' lang='lat' dir='ltr'><strong>siue</strong></span> <span class='ocrx_word' id='word_1_91' title='bbox 575 977 635 1030; x_wconf 88' lang='lat' dir='ltr'><strong>ulla</strong></span> <span class='ocrx_word' id='word_1_92' title='bbox 646 977 787 1030; x_wconf 89' lang='lat' dir='ltr'><strong>mentione</strong></span> 
     </span>
     <span class='ocr_line' id='line_1_14' title="bbox 24 1046 787 1114; baseline -0.004 -13"><span class='ocrx_word' id='word_1_93' title='bbox 24 1050 67 1101; x_wconf 89' lang='lat' dir='ltr'><strong>tis</strong></span> <span class='ocrx_word' id='word_1_94' title='bbox 86 1046 293 1114; x_wconf 73' lang='lat' dir='ltr'><strong>provinciarum</strong></span> <span class='ocrx_word' id='word_1_95' title='bbox 310 1047 494 1100; x_wconf 84' lang='lat' dir='ltr'><strong>certaminum</strong></span> <span class='ocrx_word' id='word_1_96' title='bbox 513 1063 549 1099; x_wconf 89' lang='lat' dir='ltr'><strong>ue</strong></span> <span class='ocrx_word' id='word_1_97' title='bbox 564 1047 638 1100; x_wconf 86' lang='lat' dir='ltr'><strong>inter</strong></span> <span class='ocrx_word' id='word_1_98' title='bbox 652 1048 787 1114; x_wconf 86' lang='lat' dir='ltr'><strong>collegas,</strong></span> 
     </span>
     <span class='ocr_line' id='line_1_15' title="bbox 24 1062 851 1185; baseline -0.001 -13"><span class='ocrx_word' id='word_1_99' title='bbox 24 1136 51 1172; x_wconf 79' lang='lat' dir='ltr'><strong>re</strong></span> <span class='ocrx_word' id='word_1_100' title='bbox 62 1116 192 1183; x_wconf 82' lang='lat' dir='ltr'><strong>exposui.</strong></span> <span class='ocrx_word' id='word_1_101' title='bbox 229 1115 312 1179; x_wconf 90' lang='lat' dir='ltr'><strong>Sunt,</strong></span> <span class='ocrx_word' id='word_1_102' title='bbox 331 1117 432 1183; x_wconf 86' lang='lat' dir='ltr'><strong>quibus</strong></span> <span class='ocrx_word' id='word_1_103' title='bbox 448 1132 483 1169; x_wconf 89' lang='lat' dir='ltr'><strong>ne</strong></span> <span class='ocrx_word' id='word_1_104' title='bbox 495 1062 567 1169; x_wconf 65' lang='lat' dir='ltr'><strong>iaec</strong></span> <span class='ocrx_word' id='word_1_105' title='bbox 577 1117 688 1185; x_wconf 83' lang='lat' dir='ltr'><strong>quidem</strong></span> <span class='ocrx_word' id='word_1_106' title='bbox 699 1121 788 1168; x_wconf 89' lang='lat' dir='ltr'><strong>certa·</strong></span> <span class='ocrx_word' id='word_1_107' title='bbox 847 1163 851 1171; x_wconf 93' lang='lat'>.</span> 
     </span>
     <span class='ocr_line' id='line_1_16' title="bbox 24 1185 786 1253; baseline -0.008 -12"><span class='ocrx_word' id='word_1_108' title='bbox 24 1204 56 1241; x_wconf 82' lang='lat' dir='ltr'><strong>sa</strong></span> <span class='ocrx_word' id='word_1_109' title='bbox 66 1200 209 1251; x_wconf 81' lang='lat' dir='ltr'><strong>exponere</strong></span> <span class='ocrx_word' id='word_1_110' title='bbox 218 1187 290 1239; x_wconf 89' lang='lat' dir='ltr'><strong>satis</strong></span> <span class='ocrx_word' id='word_1_111' title='bbox 301 1185 398 1239; x_wconf 79' lang='lat' dir='ltr'><strong>fuerit.</strong></span> <span class='ocrx_word' id='word_1_112' title='bbox 421 1186 590 1239; x_wconf 82' lang='lat' dir='ltr'><strong>Adiecerunt</strong></span> <span class='ocrx_word' id='word_1_113' title='bbox 601 1192 631 1240; x_wconf 91' lang='lat' dir='ltr'><strong>et</strong></span> <span class='ocrx_word' id='word_1_114' title='bbox 641 1186 724 1253; x_wconf 80' lang='lat' dir='ltr'><strong>Appii</strong></span> <span class='ocrx_word' id='word_1_115' title='bbox 734 1186 786 1237; x_wconf 91' lang='lat' dir='ltr'><strong>cri-</strong></span> 
     </span>
     <span class='ocr_line' id='line_1_17' title="bbox 24 1254 786 1323; baseline -0.008 -12"><span class='ocrx_word' id='word_1_116' title='bbox 24 1258 152 1311; x_wconf 83' lang='lat' dir='ltr'><strong>rationes</strong></span> <span class='ocrx_word' id='word_1_117' title='bbox 170 1254 204 1308; x_wconf 91' lang='lat' dir='ltr'><strong>de</strong></span> <span class='ocrx_word' id='word_1_118' title='bbox 213 1256 302 1307; x_wconf 86' lang='lat' dir='ltr'><strong>Fabio</strong></span> <span class='ocrx_word' id='word_1_119' title='bbox 317 1256 433 1309; x_wconf 87' lang='lat' dir='ltr'><strong>absente</strong></span> <span class='ocrx_word' id='word_1_120' title='bbox 448 1254 484 1308; x_wconf 81' lang='lat' dir='ltr'><strong>ai</strong></span> <span class='ocrx_word' id='word_1_121' title='bbox 495 1256 643 1323; x_wconf 89' lang='lat' dir='ltr'><strong>populum,</strong></span> <span class='ocrx_word' id='word_1_122' title='bbox 663 1261 692 1309; x_wconf 92' lang='lat' dir='ltr'><strong>et</strong></span> <span class='ocrx_word' id='word_1_123' title='bbox 701 1254 786 1322; x_wconf 89' lang='lat' dir='ltr'><strong>pcrti-</strong></span> 
     </span>
     <span class='ocr_line' id='line_1_18' title="bbox 24 1323 787 1392; baseline -0.008 -13"><span class='ocrx_word' id='word_1_124' title='bbox 24 1328 89 1379; x_wconf 82' lang='lat' dir='ltr'><strong>iam</strong></span> <span class='ocrx_word' id='word_1_125' title='bbox 114 1325 247 1378; x_wconf 82' lang='lat' dir='ltr'><strong>adversus</strong></span> <span class='ocrx_word' id='word_1_126' title='bbox 273 1333 450 1392; x_wconf 86' lang='lat' dir='ltr'><strong>praesentem</strong></span> <span class='ocrx_word' id='word_1_127' title='bbox 474 1326 617 1380; x_wconf 89' lang='lat' dir='ltr'><strong>consulem</strong></span> <span class='ocrx_word' id='word_1_128' title='bbox 637 1323 787 1391; x_wconf 88' lang='lat' dir='ltr'><strong>praetoris,</strong></span> 
     </span>
     <span class='ocr_line' id='line_1_19' title="bbox 24 1392 787 1463; baseline -0.009 -12"><span class='ocrx_word' id='word_1_129' title='bbox 24 1396 242 1463; x_wconf 72' lang='lat' dir='ltr'><strong>‚tentionemquc</strong></span> <span class='ocrx_word' id='word_1_130' title='bbox 254 1396 338 1447; x_wconf 80' lang='lat' dir='ltr'><strong>aliam</strong></span> <span class='ocrx_word' id='word_1_131' title='bbox 347 1399 422 1447; x_wconf 90' lang='lat' dir='ltr'><strong>inter</strong></span> <span class='ocrx_word' id='word_1_132' title='bbox 431 1396 567 1462; x_wconf 81' lang='lat' dir='ltr'><strong>collegas,</strong></span> <span class='ocrx_word' id='word_1_133' title='bbox 589 1394 721 1448; x_wconf 86' lang='lat' dir='ltr'><strong>tendente</strong></span> <span class='ocrx_word' id='word_1_134' title='bbox 731 1392 787 1444; x_wconf 89' lang='lat' dir='ltr'><strong>De·</strong></span> 
     </span>
    </p>

    <p class='ocr_par' dir='ltr' id='par_1_4' title="bbox 24 1464 790 1810">
     <span class='ocr_line' id='line_1_20' title="bbox 24 1464 787 1532; baseline -0.008 -14"><span class='ocrx_word' id='word_1_135' title='bbox 24 1506 29 1529; x_wconf 91' lang='lat'><strong>,</strong></span> <span class='ocrx_word' id='word_1_136' title='bbox 42 1472 78 1518; x_wconf 91' lang='lat' dir='ltr'><strong>ut</strong></span> <span class='ocrx_word' id='word_1_137' title='bbox 90 1480 158 1517; x_wconf 90' lang='lat' dir='ltr'><strong>suae</strong></span> <span class='ocrx_word' id='word_1_138' title='bbox 169 1465 284 1532; x_wconf 88' lang='lat' dir='ltr'><strong>quisque</strong></span> <span class='ocrx_word' id='word_1_139' title='bbox 295 1465 452 1532; x_wconf 84' lang='lat' dir='ltr'><strong>provinciae</strong></span> <span class='ocrx_word' id='word_1_140' title='bbox 463 1469 706 1518; x_wconf 87' lang='lat' dir='ltr'><strong>sortemtueretur.</strong></span> <span class='ocrx_word' id='word_1_141' title='bbox 717 1464 787 1514; x_wconf 79' lang='lat' dir='ltr'><strong>Con·</strong></span> 
     </span>
     <span class='ocr_line' id='line_1_21' title="bbox 24 1533 787 1602; baseline -0.012 -12"><span class='ocrx_word' id='word_1_142' title='bbox 24 1551 115 1590; x_wconf 81' lang='lat' dir='ltr'><strong>rores</strong></span> <span class='ocrx_word' id='word_1_143' title='bbox 132 1534 230 1600; x_wconf 88' lang='lat' dir='ltr'><strong>incipit</strong></span> <span class='ocrx_word' id='word_1_144' title='bbox 244 1551 279 1587; x_wconf 85' lang='lat' dir='ltr'><strong>ex</strong></span> <span class='ocrx_word' id='word_1_145' title='bbox 289 1550 323 1586; x_wconf 90' lang='lat' dir='ltr'><strong>eo</strong></span> <span class='ocrx_word' id='word_1_146' title='bbox 336 1541 476 1601; x_wconf 86' lang='lat' dir='ltr'><strong>tempore,</strong></span> <span class='ocrx_word' id='word_1_147' title='bbox 499 1551 552 1602; x_wconf 93' lang='lat' dir='ltr'><strong>quo</strong></span> <span class='ocrx_word' id='word_1_148' title='bbox 568 1533 690 1602; x_wconf 88' lang='lat' dir='ltr'><strong>profecti</strong></span> <span class='ocrx_word' id='word_1_149' title='bbox 705 1533 787 1584; x_wconf 79' lang='lat' dir='ltr'><strong>anrbo</strong></span> 
     </span>
     <span class='ocr_line' id='line_1_22' title="bbox 24 1603 788 1671; baseline -0.01 -12"><span class='ocrx_word' id='word_1_150' title='bbox 24 1605 112 1659; x_wconf 80' lang='lat' dir='ltr'><strong>¹eules</strong></span> <span class='ocrx_word' id='word_1_151' title='bbox 124 1603 160 1655; x_wconf 83' lang='lat' dir='ltr'><strong>ad</strong></span> <span class='ocrx_word' id='word_1_152' title='bbox 170 1604 274 1655; x_wconf 87' lang='lat' dir='ltr'><strong>bellum</strong></span> <span class='ocrx_word' id='word_1_153' title='bbox 284 1610 357 1656; x_wconf 90' lang='lat' dir='ltr'><strong>sunt.</strong></span> <span class='ocrx_word' id='word_1_154' title='bbox 394 1607 540 1667; x_wconf 81' lang='lat' dir='ltr'><strong>Ceterum,</strong></span> <span class='ocrx_word' id='word_1_155' title='bbox 560 1610 709 1671; x_wconf 86' lang='lat' dir='ltr'><strong>antequam</strong></span> <span class='ocrx_word' id='word_1_156' title='bbox 726 1616 788 1652; x_wconf 91' lang='lat' dir='ltr'><strong>con·</strong></span> 
     </span>
     <span class='ocr_line' id='line_1_23' title="bbox 24 1670 790 1739; baseline -0.01 -9"><span class='ocrx_word' id='word_1_157' title='bbox 24 1693 55 1730; x_wconf 86' lang='lat' dir='ltr'><strong>es</strong></span> <span class='ocrx_word' id='word_1_158' title='bbox 67 1675 98 1725; x_wconf 91' lang='lat' dir='ltr'><strong>in</strong></span> <span class='ocrx_word' id='word_1_159' title='bbox 110 1674 253 1724; x_wconf 85' lang='lat' dir='ltr'><strong>Etruriam</strong></span> <span class='ocrx_word' id='word_1_160' title='bbox 266 1671 454 1739; x_wconf 88' lang='lat' dir='ltr'><strong>pervenirent,</strong></span> <span class='ocrx_word' id='word_1_161' title='bbox 475 1673 599 1726; x_wconf 85' lang='lat' dir='ltr'><strong>Senones</strong></span> <span class='ocrx_word' id='word_1_162' title='bbox 609 1674 686 1726; x_wconf 85' lang='lat' dir='ltr'><strong>Galli</strong></span> <span class='ocrx_word' id='word_1_163' title='bbox 696 1670 790 1723; x_wconf 90' lang='lat' dir='ltr'><strong>multi·</strong></span> 
     </span>
     <span class='ocr_line' id='line_1_24' title="bbox 26 1743 790 1810; baseline -0.009 -12"><span class='ocrx_word' id='word_1_164' title='bbox 26 1748 80 1798; x_wconf 87' lang='lat' dir='ltr'><strong>ine</strong></span> <span class='ocrx_word' id='word_1_165' title='bbox 91 1743 201 1809; x_wconf 85' lang='lat' dir='ltr'><strong>ingenti</strong></span> <span class='ocrx_word' id='word_1_166' title='bbox 210 1743 245 1794; x_wconf 84' lang='lat' dir='ltr'><strong>ed</strong></span> <span class='ocrx_word' id='word_1_167' title='bbox 257 1744 382 1794; x_wconf 86' lang='lat' dir='ltr'><strong>Clusium</strong></span> <span class='ocrx_word' id='word_1_168' title='bbox 392 1747 534 1804; x_wconf 83' lang='lat' dir='ltr'><strong>venerunt,</strong></span> <span class='ocrx_word' id='word_1_169' title='bbox 544 1744 685 1810; x_wconf 82' lang='lat' dir='ltr'><strong>legionem</strong></span> <span class='ocrx_word' id='word_1_170' title='bbox 691 1743 790 1794; x_wconf 86' lang='lat' dir='ltr'><strong>Roma·</strong></span> 
     </span>
    </p>

    <p class='ocr_par' dir='ltr' id='par_1_5' title="bbox 24 1811 790 1950">
     <span class='ocr_line' id='line_1_25' title="bbox 24 1811 790 1880; baseline -0.008 -13"><span class='ocrx_word' id='word_1_171' title='bbox 24 1832 38 1867; x_wconf 88' lang='lat' dir='ltr'><strong>n</strong></span> <span class='ocrx_word' id='word_1_172' title='bbox 69 1818 219 1877; x_wconf 85' lang='lat' dir='ltr'><strong>castraque</strong></span> <span class='ocrx_word' id='word_1_173' title='bbox 243 1815 440 1880; x_wconf 87' lang='lat' dir='ltr'><strong>oppugnaturi.</strong></span> <span class='ocrx_word' id='word_1_174' title='bbox 476 1812 587 1878; x_wconf 85' lang='lat' dir='ltr'><strong>Scipio,</strong></span> <span class='ocrx_word' id='word_1_175' title='bbox 618 1813 664 1880; x_wconf 89' lang='lat' dir='ltr'><strong>qui</strong></span> <span class='ocrx_word' id='word_1_176' title='bbox 690 1811 790 1863; x_wconf 88' lang='lat' dir='ltr'><strong>eastris</strong></span> 
     </span>
     <span class='ocr_line' id='line_1_26' title="bbox 24 1880 790 1950; baseline -0.012 -11"><span class='ocrx_word' id='word_1_177' title='bbox 24 1887 122 1943; x_wconf 79' lang='lat' dir='ltr'><strong>cerat,</strong></span> <span class='ocrx_word' id='word_1_178' title='bbox 141 1881 204 1932; x_wconf 90' lang='lat' dir='ltr'><strong>loeo</strong></span> <span class='ocrx_word' id='word_1_179' title='bbox 216 1882 403 1934; x_wconf 84' lang='lat' dir='ltr'><strong>adiuvandam</strong></span> <span class='ocrx_word' id='word_1_180' title='bbox 413 1881 583 1950; x_wconf 84' lang='lat' dir='ltr'><strong>paucitatem</strong></span> <span class='ocrx_word' id='word_1_181' title='bbox 595 1896 709 1934; x_wconf 90' lang='lat' dir='ltr'><strong>suorum</strong></span> <span class='ocrx_word' id='word_1_182' title='bbox 719 1880 790 1930; x_wconf 91' lang='lat' dir='ltr'><strong>mili·</strong></span> 
     </span>
    </p>

    <p class='ocr_par' dir='ltr' id='par_1_6' title="bbox 24 1951 794 2437">
     <span class='ocr_line' id='line_1_27' title="bbox 24 1951 791 2019; baseline -0.007 -14"><span class='ocrx_word' id='word_1_183' title='bbox 24 1974 34 2008; x_wconf 85' lang='grc' dir='ltr'>ι</span> <span class='ocrx_word' id='word_1_184' title='bbox 47 1958 144 2013; x_wconf 88' lang='lat' dir='ltr'><strong>ratus,</strong></span> <span class='ocrx_word' id='word_1_185' title='bbox 155 1951 185 2001; x_wconf 90' lang='lat' dir='ltr'><strong>in</strong></span> <span class='ocrx_word' id='word_1_186' title='bbox 195 1952 304 2015; x_wconf 88' lang='lat' dir='ltr'><strong>collem,</strong></span> <span class='ocrx_word' id='word_1_187' title='bbox 326 1953 373 2019; x_wconf 87' lang='lat' dir='ltr'><strong>qui</strong></span> <span class='ocrx_word' id='word_1_188' title='bbox 385 1953 459 2005; x_wconf 90' lang='lat' dir='ltr'><strong>inter</strong></span> <span class='ocrx_word' id='word_1_189' title='bbox 469 1954 565 2004; x_wconf 86' lang='lat' dir='ltr'><strong>urbem</strong></span> <span class='ocrx_word' id='word_1_190' title='bbox 577 1957 605 2003; x_wconf 89' lang='lat' dir='ltr'><strong>et</strong></span> <span class='ocrx_word' id='word_1_191' title='bbox 616 1958 710 2004; x_wconf 89' lang='lat' dir='ltr'><strong>castra</strong></span> <span class='ocrx_word' id='word_1_192' title='bbox 721 1957 791 2010; x_wconf 86' lang='lat' dir='ltr'><strong>erat,</strong></span> 
     </span>
     <span class='ocr_line' id='line_1_28' title="bbox 24 2020 790 2087; baseline -0.01 -9"><span class='ocrx_word' id='word_1_193' title='bbox 24 2040 70 2078; x_wconf 75' lang='lat' dir='ltr'><strong>cm</strong></span> <span class='ocrx_word' id='word_1_194' title='bbox 82 2021 185 2074; x_wconf 81' lang='lat' dir='ltr'><strong>erexit.</strong></span> <span class='ocrx_word' id='word_1_195' title='bbox 222 2020 286 2084; x_wconf 87' lang='lat' dir='ltr'><strong>Sed,</strong></span> <span class='ocrx_word' id='word_1_196' title='bbox 298 2030 328 2073; x_wconf 92' lang='lat' dir='ltr'><strong>ut</strong></span> <span class='ocrx_word' id='word_1_197' title='bbox 340 2024 368 2073; x_wconf 91' lang='lat' dir='ltr'><strong>in</strong></span> <span class='ocrx_word' id='word_1_198' title='bbox 378 2039 408 2074; x_wconf 91' lang='lat' dir='ltr'><strong>re</strong></span> <span class='ocrx_word' id='word_1_199' title='bbox 420 2022 522 2083; x_wconf 87' lang='lat' dir='ltr'><strong>subita,</strong></span> <span class='ocrx_word' id='word_1_200' title='bbox 534 2037 633 2087; x_wconf 89' lang='lat' dir='ltr'><strong>parum</strong></span> <span class='ocrx_word' id='word_1_201' title='bbox 644 2020 790 2086; x_wconf 82' lang='lat' dir='ltr'><strong>explorato</strong></span> 
     </span>
     <span class='ocr_line' id='line_1_29' title="bbox 25 2089 792 2159; baseline -0.009 -14"><span class='ocrx_word' id='word_1_202' title='bbox 25 2106 83 2148; x_wconf 85' lang='lat' dir='ltr'><strong>erc</strong></span> <span class='ocrx_word' id='word_1_203' title='bbox 93 2089 132 2142; x_wconf 89' lang='lat' dir='ltr'><strong>ad</strong></span> <span class='ocrx_word' id='word_1_204' title='bbox 142 2090 237 2158; x_wconf 85' lang='lat' dir='ltr'><strong>iugum</strong></span> <span class='ocrx_word' id='word_1_205' title='bbox 250 2093 382 2158; x_wconf 82' lang='lat' dir='ltr'><strong>perrexit,</strong></span> <span class='ocrx_word' id='word_1_206' title='bbox 395 2092 468 2159; x_wconf 83' lang='lat' dir='ltr'><strong>quod</strong></span> <span class='ocrx_word' id='word_1_207' title='bbox 478 2090 574 2143; x_wconf 89' lang='lat' dir='ltr'><strong>hostes</strong></span> <span class='ocrx_word' id='word_1_208' title='bbox 585 2097 792 2158; x_wconf 75' lang='lat' dir='ltr'><strong>ceperantpar·</strong></span> 
     </span>
     <span class='ocr_line' id='line_1_30' title="bbox 24 2158 791 2228; baseline -0.012 -11"><span class='ocrx_word' id='word_1_209' title='bbox 24 2164 84 2217; x_wconf 76' lang='lat' dir='ltr'><strong>ilia</strong></span> <span class='ocrx_word' id='word_1_210' title='bbox 104 2161 221 2227; x_wconf 86' lang='lat' dir='ltr'><strong>egressi.</strong></span> <span class='ocrx_word' id='word_1_211' title='bbox 257 2161 302 2212; x_wconf 89' lang='lat' dir='ltr'><strong>lta</strong></span> <span class='ocrx_word' id='word_1_212' title='bbox 317 2177 399 2214; x_wconf 87' lang='lat' dir='ltr'><strong>caesa</strong></span> <span class='ocrx_word' id='word_1_213' title='bbox 414 2164 448 2214; x_wconf 88' lang='lat' dir='ltr'><strong>ab</strong></span> <span class='ocrx_word' id='word_1_214' title='bbox 459 2168 541 2228; x_wconf 87' lang='lat' dir='ltr'><strong>tergo</strong></span> <span class='ocrx_word' id='word_1_215' title='bbox 555 2161 645 2228; x_wconf 89' lang='lat' dir='ltr'><strong>legio,</strong></span> <span class='ocrx_word' id='word_1_216' title='bbox 664 2167 746 2226; x_wconf 88' lang='lat' dir='ltr'><strong>atque</strong></span> <span class='ocrx_word' id='word_1_217' title='bbox 762 2158 791 2208; x_wconf 93' lang='lat' dir='ltr'><strong>in</strong></span> 
     </span>
     <span class='ocr_line' id='line_1_31' title="bbox 24 2229 792 2299; baseline -0.009 -14"><span class='ocrx_word' id='word_1_218' title='bbox 24 2235 90 2294; x_wconf 88' lang='lat' dir='ltr'><strong>lio,</strong></span> <span class='ocrx_word' id='word_1_219' title='bbox 112 2245 198 2296; x_wconf 83' lang='lat' dir='ltr'><strong>quum</strong></span> <span class='ocrx_word' id='word_1_220' title='bbox 210 2229 301 2282; x_wconf 85' lang='lat' dir='ltr'><strong>hostis</strong></span> <span class='ocrx_word' id='word_1_221' title='bbox 311 2231 436 2298; x_wconf 87' lang='lat' dir='ltr'><strong>undique</strong></span> <span class='ocrx_word' id='word_1_222' title='bbox 447 2237 573 2299; x_wconf 85' lang='lat' dir='ltr'><strong>urgeret,</strong></span> <span class='ocrx_word' id='word_1_223' title='bbox 594 2231 792 2284; x_wconf 78' lang='lat' dir='ltr'><strong>circumventa.</strong></span> 
     </span>
     <span class='ocr_line' id='line_1_32' title="bbox 24 2301 793 2370; baseline -0.013 -13"><span class='ocrx_word' id='word_1_224' title='bbox 24 2309 114 2359; x_wconf 71' lang='lat' dir='ltr'><strong>,etam</strong></span> <span class='ocrx_word' id='word_1_225' title='bbox 128 2315 237 2368; x_wconf 85' lang='lat' dir='ltr'><strong>quoque</strong></span> <span class='ocrx_word' id='word_1_226' title='bbox 247 2301 287 2352; x_wconf 90' lang='lat' dir='ltr'><strong>ibi</strong></span> <span class='ocrx_word' id='word_1_227' title='bbox 298 2302 446 2370; x_wconf 87' lang='lat' dir='ltr'><strong>legionem,</strong></span> <span class='ocrx_word' id='word_1_228' title='bbox 467 2303 549 2354; x_wconf 89' lang='lat' dir='ltr'><strong>itaut</strong></span> <span class='ocrx_word' id='word_1_229' title='bbox 560 2302 671 2352; x_wconf 88' lang='lat' dir='ltr'><strong>nuntius</strong></span> <span class='ocrx_word' id='word_1_230' title='bbox 683 2315 737 2350; x_wconf 91' lang='lat' dir='ltr'><strong>non</strong></span> <span class='ocrx_word' id='word_1_231' title='bbox 748 2312 793 2348; x_wconf 90' lang='lat' dir='ltr'><strong>su-</strong></span> 
     </span>
     <span class='ocr_line' id='line_1_33' title="bbox 24 2370 794 2437; baseline -0.014 -11"><span class='ocrx_word' id='word_1_232' title='bbox 24 2376 129 2432; x_wconf 80' lang='lat' dir='ltr'><strong>esset,</strong></span> <span class='ocrx_word' id='word_1_233' title='bbox 152 2370 264 2437; x_wconf 87' lang='lat' dir='ltr'><strong>quidam</strong></span> <span class='ocrx_word' id='word_1_234' title='bbox 276 2378 406 2423; x_wconf 89' lang='lat' dir='ltr'><strong>auctores</strong></span> <span class='ocrx_word' id='word_1_235' title='bbox 415 2377 493 2434; x_wconf 87' lang='lat' dir='ltr'><strong>sunt;</strong></span> <span class='ocrx_word' id='word_1_236' title='bbox 516 2376 641 2424; x_wconf 82' lang='lat' dir='ltr'><strong>nocente</strong></span> <span class='ocrx_word' id='word_1_237' title='bbox 651 2370 688 2421; x_wconf 85' lang='lat' dir='ltr'><strong>ad</strong></span> <span class='ocrx_word' id='word_1_238' title='bbox 699 2381 794 2419; x_wconf 91' lang='lat' dir='ltr'><strong>consu·</strong></span> 
     </span>
    </p>

    <p class='ocr_par' dir='ltr' id='par_1_7' title="bbox 24 2436 867 2735">
     <span class='ocr_line' id='line_1_34' title="bbox 24 2436 813 2511; baseline -0.003 -21"><span class='ocrx_word' id='word_1_239' title='bbox 24 2484 27 2504; x_wconf 82' lang='lat'>‚</span> <span class='ocrx_word' id='word_1_240' title='bbox 52 2441 108 2511; x_wconf 88' lang='lat' dir='ltr'><strong>qui</strong></span> <span class='ocrx_word' id='word_1_241' title='bbox 127 2440 184 2492; x_wconf 88' lang='lat' dir='ltr'><strong>iam</strong></span> <span class='ocrx_word' id='word_1_242' title='bbox 199 2438 273 2492; x_wconf 89' lang='lat' dir='ltr'><strong>haud</strong></span> <span class='ocrx_word' id='word_1_243' title='bbox 285 2442 410 2508; x_wconf 90' lang='lat' dir='ltr'><strong>procula</strong></span> <span class='ocrx_word' id='word_1_244' title='bbox 423 2441 520 2494; x_wconf 83' lang='lat' dir='ltr'><strong>Clusio</strong></span> <span class='ocrx_word' id='word_1_245' title='bbox 538 2440 679 2505; x_wconf 84' lang='lat' dir='ltr'><strong>aberant,</strong></span> <span class='ocrx_word' id='word_1_246' title='bbox 696 2436 813 2489; x_wconf 69' lang='lat' dir='ltr'><strong>tamam</strong></span> 
     </span>
     <span class='ocr_line' id='line_1_35' title="bbox 24 2500 829 2587; baseline -0.011 -19"><span class='ocrx_word' id='word_1_247' title='bbox 24 2510 151 2569; x_wconf 87' lang='lat' dir='ltr'><strong>scladis</strong></span> <span class='ocrx_word' id='word_1_248' title='bbox 160 2510 307 2575; x_wconf 84' lang='lat' dir='ltr'><strong>perlatam,</strong></span> <span class='ocrx_word' id='word_1_249' title='bbox 329 2527 412 2580; x_wconf 83' lang='lat' dir='ltr'><strong>quarn</strong></span> <span class='ocrx_word' id='word_1_250' title='bbox 430 2515 461 2569; x_wconf 89' lang='lat' dir='ltr'><strong>in</strong></span> <span class='ocrx_word' id='word_1_251' title='bbox 479 2500 829 2587; x_wconf 59' lang='lat' dir='ltr'><strong>conspectntuereual·</strong></span> 
     </span>
     <span class='ocr_line' id='line_1_36' title="bbox 24 2577 856 2660; baseline 0.006 -24"><span class='ocrx_word' id='word_1_252' title='bbox 24 2599 66 2636; x_wconf 79' lang='lat' dir='ltr'><strong>rnr</strong></span> <span class='ocrx_word' id='word_1_253' title='bbox 79 2579 195 2657; x_wconf 62' lang='lat' dir='ltr'><strong>ervitte</strong></span> <span class='ocrx_word' id='word_1_254' title='bbox 208 2583 377 2644; x_wconf 84' lang='lat' dir='ltr'><strong>pectoribus</strong></span> <span class='ocrx_word' id='word_1_255' title='bbox 387 2604 538 2658; x_wconf 88' lang='lat' dir='ltr'><strong>equorum</strong></span> <span class='ocrx_word' id='word_1_256' title='bbox 549 2600 709 2660; x_wconf 53' lang='lat' dir='ltr'><strong>suspensa</strong></span> <span class='ocrx_word' id='word_1_257' title='bbox 719 2577 856 2654; x_wconf 35' lang='lat' dir='ltr'><strong>gestau·-</strong></span> 
     </span>
     <span class='ocr_line' id='line_1_37' title="bbox 26 2646 867 2735; baseline -0.019 -36"><span class='ocrx_word' id='word_1_258' title='bbox 26 2652 142 2711; x_wconf 74' lang='lat' dir='ltr'><strong>capnos,</strong></span> <span class='ocrx_word' id='word_1_259' title='bbox 162 2652 194 2698; x_wconf 89' lang='lat' dir='ltr'><strong>et</strong></span> <span class='ocrx_word' id='word_1_260' title='bbox 203 2648 314 2707; x_wconf 83' lang='lat' dir='ltr'><strong>lanceis</strong></span> <span class='ocrx_word' id='word_1_261' title='bbox 334 2658 450 2731; x_wconf 77' lang='lat' dir='ltr'><strong>infixa,</strong></span> <span class='ocrx_word' id='word_1_262' title='bbox 471 2672 683 2735; x_wconf 64' lang='lat' dir='ltr'><strong>ovantesque</strong></span> <span class='ocrx_word' id='word_1_263' title='bbox 695 2657 799 2709; x_wconf 75' lang='lat' dir='ltr'><strong>maris</strong></span> <span class='ocrx_word' id='word_1_264' title='bbox 810 2646 867 2687; x_wconf 74' lang='lat' dir='ltr'><strong>sm</strong></span> 
     </span>
    </p>
   </div>
   <div class='ocr_carea' id='block_1_3' title="bbox 0 0 942 2946">
    <p class='ocr_par' dir='ltr' id='par_1_8' title="bbox 0 0 942 2946">
     <span class='ocr_line' id='line_1_38' title="bbox 0 0 942 2946; baseline 0 0"><span class='ocrx_word' id='word_1_265' title='bbox 0 0 942 2946; x_wconf 95' lang='lat' dir='ltr'><strong> </strong></span> 
     </span>
    </p>
   </div>
  </div>
 </body>
</html>
