1868 2946
79 162 438 235 Liu.v11.cn.1o.1'1.
458 160 503 249 [ir.
514 181 545 235 c.
555 182 659 251 59⁵·A·
671 180 701 233 c.
712 181 782 251 asp]
811 180 844 237 1³

38 305 169 341 mucrone
179 289 326 350 subrecto,
348 304 431 355 quum
443 294 522 341 scuto
532 295 640 340 scutum
649 289 737 339 imum
749 304 845 356 percu·

38 360 129 422 iisset,
139 364 269 424 ,totoque
280 372 399 424 corpore
408 359 525 410 interior
534 358 659 424 periculo
670 358 795 410 rulneris
806 360 845 410 fa-

38 436 107 492 etus,
128 428 300 480 insinuasset
309 443 339 479 se
350 428 424 479 inter
433 443 533 495 corpus
543 443 687 494 armaque,
709 444 764 478 uno
777 428 846 481 alte-

38 514 124 566 roque
136 496 255 549 subinde
267 498 325 549 ictu
335 502 458 548 ventrem
471 504 555 565 atquc
567 497 680 565 inguina
690 496 797 559 barisit,
818 504 846 549 et

38 570 65 619 ln
77 567 201 635 spatium
212 567 310 633 ingens
324 572 449 618 ruentem
460 566 586 632 porrexit
597 566 717 619 lmstem.
754 568 846 619 lacen-

38 639 75 688 tis
84 638 150 689 inde
162 636 314 702 corpus,ab
326 636 402 686 omni
414 636 471 687 alia
480 636 628 687 vexatione
639 638 846 699 intactum,uno

37 715 137 775 torque
152 706 300 772 spoliavit:
324 720 404 772 quem
419 720 574 771 respersum
596 720 694 758 cruore
709 705 782 757 collo
794 708 847 757 cir·

39 776 179 829 cumdedit
203 791 264 827 suo.
299 772 446 827 Delixerat
469 789 558 841 paror
578 790 639 825 eum
662 775 846 829 admiratione

40 846 147 898 Gallos.
184 843 320 906 Romani,
341 844 449 895 alacres
460 844 494 895 ab
505 845 628 895 statione
640 845 750 895 obviam
761 846 846 896 militi

39 931 89 967 ruo
101 914 259 982 progressi,
280 914 454 980 gratulantes
464 913 666 980 laudantesque
679 914 713 964 ad
726 913 845 966 dictato·

38 1001 94 1037 rem
111 985 277 1051 perducunt.
305 984 389 1041 'luter
403 984 555 1038 carminum
571 998 657 1049 prope
677 983 789 1035 modum
805 985 845 1035 in·

39 1055 151 1107 conditu
162 1052 299 1120 quaedam
310 1053 473 1105 militariter
483 1053 646 1115 ioculantes,
651 1054 788 1120 'l'orquati
799 1068 844 1105 co·

38 1140 157 1192 gnonren
171 1122 313 1187 auditum3
336 1123 506 1175 celebratum
518 1122 617 1174 deinde
627 1124 748 1187 pesteris
759 1124 843 1175 ctiam

39 1194 221 1259 lanrilineque
232 1190 333 1243 honori
343 1190 406 1243 fuit.
443 1191 573 1243 Dictator
589 1208 719 1243 coronam
731 1207 844 1244 auream

39 1263 151 1315 addidit
162 1262 279 1324 donum,
298 1261 432 1329 mirisque
448 1276 498 1329 pro
509 1262 639 1314 concione
652 1278 712 1313 eam
724 1276 845 1328 pugnarn

39 1333 168 1384 laudibus
181 1330 256 1381 tulit.

90 1402 139 1453 Xl.
161 1402 212 1462 Et,
230 1399 358 1463 hercule,
378 1401 452 1452 tanti
463 1416 496 1453 ea
507 1400 540 1452 ad
553 1401 673 1452 universi
686 1400 755 1452 belli
765 1415 843 1451 eren·

40 1478 96 1522 tum
110 1472 243 1521 momenti
255 1469 397 1521 dimicatio
409 1469 476 1533 fuit,
497 1478 528 1521 ut
539 1471 686 1521 Gallorum
706 1469 844 1520 exereitus

39 1542 169 1607 proxima
180 1545 276 1601 nocte,
295 1540 401 1590 relictis
413 1541 521 1606 trepide
532 1540 640 1600 rustris,
659 1539 687 1588 in
699 1539 844 1589 Tiburtem

38 1626 145 1678 ugrum,
163 1615 248 1675 atquc
259 1609 333 1671 inde,
348 1610 484 1662 societate
496 1609 659 1672 belliiacta,
679 1614 845 1660 commentu-

39 1696 89 1749 que
102 1680 222 1746 benigne
233 1679 267 1729 ab
280 1679 444 1730 Tiburtibus
456 1681 585 1742 adiutus,
608 1695 674 1732 mox
688 1680 717 1730 in
731 1680 845 1745 Campa·

38 1746 112 1800 ni'am
133 1749 290 1799 transierit.
326 1749 370 1800 Ea
388 1748 443 1799 fuit
455 1766 551 1811 eausa,
574 1750 759 1815 eurprorimo
772 1764 844 1800 anno

39 1821 66 1871 C.
79 1818 223 1869 Poetelius
239 1818 345 1868 Bulbus
361 1819 471 1880 cnrrsul,
493 1836 575 1885 qrmm
592 1820 718 1886 collegae
736 1819 794 1870 eius
805 1820 844 1869 M.

39 1888 389 1940 FabioAmbustullcrniri
403 1889 547 1954 provincia
558 1891 704 1952 evertisset,
712 1889 844 1939 adversus

39 1960 170 2011 Tiburtes
192 1957 268 2007 iussu
284 1959 380 2023 populi
397 1961 548 2008 exereitum
565 1959 686 2010 doceret.
722 1957 762 2008 ,ld
779 1972 845 2023 quo-

45 2045 98 2079 ·um
118 2026 256 2078 auxilium
280 2042 362 2093 quum
380 2027 457 2078 Galli
478 2044 513 2079 ex
530 2030 681 2094 Campania
699 2027 845 2085 redissent,

48 2098 138 2148 'nedae
152 2096 347 2163 populationes
358 2098 386 2147 in
398 2097 552 2159 Laricano,
572 2099 794 2163 Tusculanoque,
817 2106 845 2147 et

61 2168 145 2219 lbano
162 2180 245 2232 agro,
265 2164 339 2216 haud
357 2167 440 2217 dubio
452 2168 615 2217 Tiburtibus
627 2167 758 2228 ducibus,
780 2173 845 2215 sunt

59 2246 140 2289 ictae.
178 2237 230 2296 Et,
252 2252 333 2302 quum
354 2236 762 2288 mirersusl'iburtemhostem
775 2235 845 2287 duee

64 2307 153 2358 insule
166 2314 297 2357 contenta
310 2306 468 2371 respublica
479 2314 561 2368 esset,
573 2306 697 2357 Gallicus
710 2305 844 2357 tumultus

69 2384 207 2429 ctutorem
219 2377 307 2426 ereuri
317 2376 418 2442 coegit.
439 2378 554 2428 Creatus
566 2378 598 2438 Q.
611 2375 745 2427 Servilius
757 2373 845 2426 rllrnln

77 2448 241 2507 Quinctium
254 2446 417 2512 uragistrum
430 2447 550 2511 equitum
563 2446 647 2508 dixit3
667 2453 740 2498 etex
753 2450 845 2495 arneto·

78 2526 122 2569 'rte
134 2516 260 2576 Patr-um,
273 2517 295 2564 si
309 2531 438 2580 prospere.
450 2516 478 2564 id
491 2516 592 2566 bellum
605 2518 751 2575 evenisset,
766 2513 846 2563 ludes

84 2602 154 2653 girus
167 2586 253 2635 norit,
280 2586 412 2635 llietntor
424 2586 457 2634 ud
471 2584 653 2636 rontinendos
665 2584 779 2651 proprio
789 2580 846 2631 bel·

86 2656 213 2707 l'iburtes
226 2656 369 2705 eormrlnri
381 2655 503 2706 orer-ritu
516 2655 593 2708 iusso
608 2670 740 2720 manere,
760 2664 863 2705 rumpes

95 2742 171 2787 ores,
190 2724 267 2776 nullo
278 2724 448 2778 ‹lt-trertnnte
460 2728 606 2797 militiam,
616 2734 810 2783 sacrmncnto
824 2721 875 2774 ud·
