1868 2946
39 35 638 94 muza.pe.t,·.·r37.aa.o¹o.t:.u.manem
649 41 679 95 a]
692 41 740 81 ist

39 134 178 197 adogoto,
201 129 325 181 indutiae
335 130 456 193 biennii,
478 146 561 197 qurum
573 146 623 198 per
634 134 742 203 aliquot

38 199 178 267 rigassent
188 197 315 266 singulos
332 200 474 264 precibus,
495 201 671 266 impetratae.
708 204 744 257 Et

38 267 81 320 lia
91 270 253 319 Teanenses
264 269 447 336 Canusinique
459 270 686 336 populationibus
691 272 742 323 fes·

38 337 133 390 idibus
143 337 177 389 1,.
189 336 300 389 Plautio
312 339 420 389 consuli
431 340 512 400 datis,
530 340 558 389 ia
570 340 741 391 deditionem

38 413 77 459 nt.
115 406 224 459 Eodem
245 422 317 459 auno
339 410 457 475 primum
477 409 613 475 praelecti
631 411 741 477 Capuae

44 476 153 543 coepti,
172 477 280 542 legibus
301 477 337 529 ab
356 477 389 529 1,.
405 477 488 529 Furio
505 484 636 544 praetore
651 480 740 531 datis:

38 552 190 612 utrumque
205 546 259 612 ipsi
274 561 325 613 pro
341 546 465 598 remedio
484 548 575 614 aegris
589 548 671 599 rebus
688 549 742 599 dis·

43 616 183 668 intestina
198 616 343 681 petissent.
379 616 416 667 Et
431 616 617 668 dunellemae
628 618 742 671 additae

56 683 194 736 Ufentina
213 698 247 735 ac
266 685 408 737 Falerios.
443 685 588 736 Inclinatis
608 688 695 739 semel
711 688 740 741 iu

44 754 148 817 rebus,
166 755 270 806 Teates
282 769 391 822 quoque
401 754 486 819 ,lpuli
501 754 633 807 aenean
644 772 741 809 mansu·

37 822 165 876 ‚lunium
176 822 345 886 Bubulcum,
364 823 397 886 Q.
413 822 563 875 Aemilium
579 824 740 887 Barbulam,

44 892 167 961 petitum
177 899 321 955 venerunt,
343 892 420 960 pacis
431 902 600 959 peromnem
611 895 739 961 Apuliam

37 962 122 1015 rodae
134 962 239 1029 populo
249 962 375 1015 ltomauo
387 968 526 1014 auctores.
562 963 594 1014 ld
605 964 741 1017 audacter

37 1031 98 1084 mdo
110 1032 306 1098 impetravere,
317 1038 347 1083 ut
359 1030 460 1083 loedus
471 1031 597 1085 daretur:
609 1050 698 1101 neque
709 1040 741 1085 ut

37 1109 132 1154 tanren
142 1100 264 1163 foedere,
274 1101 325 1153 sed
336 1108 367 1153 ut
377 1101 405 1153 in
417 1100 524 1153 ditione
533 1104 630 1170 populi
640 1105 740 1155 Roma·

37 1177 77 1223 nt.
112 1170 215 1238 Apulia
224 1170 389 1236 perdomita,
410 1176 485 1236 (nam
496 1172 620 1224 Forento
632 1189 740 1239 quoque

41 1240 148 1308 oppido
160 1240 254 1291 lunius
265 1241 369 1307 potitus
380 1244 452 1303 erat)
468 1241 496 1292 in
507 1242 636 1293 Lucanos
649 1257 739 1309 perra·

44 1311 112 1363 inde
126 1311 274 1377 repentino
289 1310 410 1362 adventu
425 1312 539 1362 Aenrilii
555 1312 678 1362 consulis
688 1310 741 1363 No·

36 1380 65 1431 ri
75 1386 198 1447 captum.
217 1381 255 1430 Et
266 1386 412 1448 postquam
422 1395 467 1431 rea
478 1382 589 1446 Capuae
600 1380 741 1432 stabilitas

35 1465 61 1502 ra
74 1449 222 1517 disciplina
233 1448 310 1500 lania
325 1464 374 1516 per
384 1450 477 1501 socios
487 1449 628 1517 vulgarit;
648 1449 742 1501 Antia·

36 1535 144 1587 eoque,
164 1520 213 1586 qui
227 1535 258 1571 se
268 1520 327 1571 siue
344 1520 453 1587 legibus
464 1520 565 1582 certis,
585 1519 645 1571 sine
656 1518 742 1587 inagi·

40 1606 72 1640 us
85 1606 169 1657 agere
181 1590 381 1656 querebantur,
404 1589 462 1640 dati
477 1590 512 1641 ab
524 1596 623 1642 senatu
634 1590 669 1641 ad
679 1591 741 1641 iura

35 1659 87 1711 ada
102 1660 191 1725 ipsius
208 1659 335 1711 coloniae
349 1660 473 1726 patroni:
496 1675 548 1711 nce
558 1675 636 1712 arma
646 1659 741 1720 modo,

35 1745 61 1781 ἀ
70 1729 156 1780 etiam
167 1730 295 1780 Romana
306 1729 363 1781 late
374 1729 527 1795 pollebant.

35 1798 62 1851 l.
81 1800 111 1850 C.
123 1799 216 1849 lunius
231 1799 375 1849 Bubulcus
391 1805 419 1850 ct
430 1799 463 1861 Q.
474 1798 607 1851 Aenrilius
617 1797 740 1850 Barbula

35 1884 64 1920 es
76 1868 153 1919 exitu
163 1869 228 1919 anni
240 1885 295 1919 non
307 1868 467 1919 oonsulibus
478 1870 512 1921 ab
523 1885 552 1920 so
565 1868 676 1930 creatis,
694 1867 740 1933 Sp.

35 1954 42 1989 r
54 1944 82 1989 et
93 1938 132 1989 Bl.
144 1938 278 2004 Popillio,
297 1944 420 1989 oeterum
432 1938 565 1988 dictatori
576 1938 609 1988 L.
620 1938 740 1989 Aelnilio

35 2022 61 2058 es
77 2008 261 2060 tradiderunt.
298 2007 339 2069 ls,
361 2007 471 2058 euan.
488 2007 589 2058 Fulvio
606 2007 740 2075 magistro

34 2092 59 2127 m
80 2075 234 2128 Saticulam
258 2091 419 2144 oppugnare
438 2076 565 2138 adortus,
586 2076 740 2128 rebellandi

34 2162 48 2196 a
54 2146 227 2199 Samnitibus
237 2146 324 2198 dedit.
344 2146 454 2211 Duplex
467 2146 531 2198 inde
542 2152 634 2197 terror
645 2146 740 2197 illatus

34 2217 78 2267 ris.
116 2218 189 2267 lliuc
200 2216 321 2277 Sarranis,
342 2229 443 2282 magno
460 2215 584 2267 exo-vitu
595 2223 693 2267 coacte
706 2214 740 2266 ad
878 2280 881 2285 Ι

34 2286 97 2337 idos
110 2286 254 2337 obsidione
266 2286 369 2346 socios,
385 2283 459 2335 haud
469 2285 566 2350 procul
577 2287 676 2336 eastris
687 2285 741 2334 llo·
839 2291 850 2339 ·.’

34 2370 80 2405 uni
92 2366 184 2407 rastra
196 2356 303 2421 posuit:
326 2353 389 2405 hinc
400 2353 555 2405 Saticulani
567 2369 667 2421 magno
679 2367 741 2403 curn
838 2377 847 2406 ·,

34 2441 70 2486 zu,
92 2426 242 2492 patefactis
252 2430 367 2490 repente
381 2424 489 2492 portis,
509 2420 756 2479 laetationem·
852 2420 867 2470 “-,
891 2428 894 2433 “

36 2495 215 2543 incurrerant.
253 2494 323 2546 lade
345 2512 416 2563 pars
437 2507 580 2571 utraque,
601 2512 658 2565 ape
679 2486 777 2544 ariani

34 2558 136 2619 fflffl'l
157 2576 241 2629 9¹¹³¹11
264 2564 379 2623 u'rr'tus
401 2572 489 2632 freta
508 2574 590 2641 suis,
606 2572 697 2625 iusto
717 2574 795 2614 mox
