1868 2946
113 126 188 176 Lra.
199 124 234 175 X.
251 126 324 177 Cse.
335 123 360 175 9.
371 122 412 176 10.
432 124 476 191 [U.
488 125 518 174 C.
529 126 587 178 455.
600 124 669 175 A.C.
681 122 750 192 sqq]
785 122 836 175 185

42 226 131 276 Locus
143 230 208 276 erat
219 224 330 286 arduus,
346 233 429 291 atque
439 226 468 275 in
478 232 557 291 parte
567 241 623 277 una
632 238 773 291 praebebo,
789 226 838 275 ubi

42 308 108 345 nune
118 294 228 345 Narnia
237 294 292 345 sita
303 302 356 344 est:
372 310 422 345 neo
431 295 468 355 vi,
478 310 529 345 nec
539 295 706 345 munimento
718 293 780 359 oapi
790 308 838 359 po-

41 369 121 414 terat.
138 364 237 429 ltaque
248 377 309 412 eam
320 360 451 414 infectam
463 378 521 415 rem
531 363 570 413 M.
575 363 688 413 Fulvius
697 362 838 423 Poenoue,

42 434 72 483 Τ.
82 432 208 483 Manlius
220 433 387 497 Torquatus,
396 432 463 482 nori
473 432 608 492 consules,
619 437 791 496 acceperunt.
807 432 836 480 lu

42 516 101 553 urm
112 516 309 567 ennumquam
320 488 624 563 Q.Fabiumconsdlem
634 515 689 551 nou
698 507 836 564 putentem

42 584 134 621 omnes
145 569 271 620 dicerent
276 569 427 630 centuriae,
436 570 525 634 ipsum
536 576 676 619 auctorem
687 568 837 620 fuisseMa-

42 653 85 690 cer
96 637 225 689 Licinius
240 652 273 687 ae
287 638 400 689 Tubero
414 636 530 687 madunt
544 636 690 688 differendi
704 638 760 689 sibi
775 653 837 688 eon-

41 708 146 759 sulatus
160 706 191 756 in
206 706 410 758 bellicosiorem
425 721 539 756 annum=
562 720 594 757 eo
613 719 684 757 anno
699 707 798 757 maiori
807 723 838 757 se

41 776 100 828 usui
111 774 286 840 reipublicae
296 774 370 838 fore,
388 776 495 825 urbano
507 781 585 840 gesto
597 774 775 840 magistratu:
796 776 838 825 ita

40 860 88 897 uec
97 843 329 905 dissimulantem,
340 843 407 909 quid
416 844 523 905 mallet,
534 848 837 909 neopetentemtamon‚

40 914 159 966 aedilem
171 912 295 964 curulem
305 926 366 963 oum
377 912 412 963 L.
420 911 533 978 Papirio
544 913 662 963 Cursore
672 912 787 964 iactum.
805 914 837 962 ld

40 998 131 1050 repro
142 988 222 1034 certo
231 994 371 1047 ponerem,
380 981 517 1033 vetustior
522 981 661 1032 annalium
666 989 766 1033 auctor
771 982 836 1032 Piso

40 1052 145 1111 sileain
166 1051 214 1119 qui
224 1066 258 1102 eo
274 1066 346 1101 anno
363 1050 468 1102 aediles
484 1050 592 1101 curules
608 1049 695 1103 fuisse
709 1052 796 1103 tradit
807 1052 836 1100 C.

40 1120 197 1173 Domitium
212 1120 260 1171 Cn.
274 1119 306 1169 F.
322 1119 463 1169 Celsinum
484 1122 514 1171 et
528 1116 575 1184 Sp.
590 1120 741 1171 Carvilium
756 1120 789 1180 Q.
805 1119 836 1169 F.

39 1189 203 1243 Maximum.
231 1189 262 1239 ld
273 1186 356 1239 oredo
367 1202 519 1255 cognomen
530 1202 652 1240 errorem
661 1189 690 1239 in
701 1188 837 1241 aedilibus

41 1259 153 1324 leaisse3
169 1264 347 1323 secutamque
356 1256 480 1309 fabulam
490 1258 605 1309 mixtam
617 1272 651 1309 ex
661 1258 798 1308 aediliciis
810 1266 837 1305 et

41 1329 233 1380 consularibus
248 1327 377 1389 comitiis,
398 1327 605 1379 convenientem
617 1329 714 1377 errori.
749 1326 836 1375 Etlu-

40 1406 127 1448 utrum
140 1412 175 1448 eo
186 1411 258 1448 anno
270 1395 410 1448 conditum
422 1412 440 1447 a
450 1396 479 1448 P.
490 1396 653 1461 Sempronio
664 1393 757 1460 Sopho
770 1402 798 1444 et
806 1393 836 1443 P.

41 1466 166 1533 Sulpicio
182 1465 347 1517 Saverrione
368 1467 540 1518 censoribus:
561 1465 706 1529 tribusque
725 1462 838 1514 additae

40 1534 119 1596 duae,
130 1535 256 1585 Aniensis
267 1550 300 1585 ac
310 1536 469 1587 Terentina.
504 1535 584 1585 Haeo
592 1534 698 1584 Romae
709 1538 797 1600 gesta.

88 1604 124 1653 Χ.
143 1605 271 1654 Ceterum
287 1602 321 1653 ad
336 1603 489 1669 Nequinum
512 1602 641 1669 oppidum
657 1617 739 1667 quum
759 1602 837 1666 segni

39 1672 184 1724 obsidione
196 1679 303 1737 tempus
315 1677 464 1734 tereretur,
484 1672 538 1723 duo
549 1686 583 1724 ex
595 1672 752 1739 oppidanis,
774 1688 838 1738 quo-

40 1754 98 1792 nrm
109 1746 191 1791 erant
202 1741 329 1791 aedilicio
339 1741 434 1792 iuncta
444 1756 536 1802 muro,
556 1756 640 1807 specu
649 1740 726 1792 iacto
739 1742 773 1792 od
784 1748 837 1791 sta-

40 1812 130 1862 tiones
140 1810 279 1861 Romanas
289 1811 388 1861 itinere
398 1810 516 1872 occulto,
531 1810 709 1876 perveniunt:
726 1811 790 1861 indo
802 1811 837 1859 ud

39 1879 184 1931 consulem
194 1878 314 1940 deducti,
325 1880 495 1944 praesidium
507 1887 642 1930 armatum
649 1895 679 1931 se
685 1881 837 1931 intramoe·

41 1949 86 1999 nia
96 1955 127 1999 et
137 1961 232 1997 muros
243 1953 405 2012 accepturos
416 1948 590 1999 confirmant.
623 1949 683 2001 Nee
691 1963 837 2014 aspernan-

39 2018 74 2069 da
83 2032 131 2067 res
141 2016 210 2077 risa,
222 2032 308 2082 neque
319 2017 431 2068 incaute
443 2017 588 2068 credenda.
612 2019 678 2068 Cum
690 2017 779 2069 altero
791 2033 837 2069 eo-

40 2100 99 2137 rum
112 2087 189 2151 (nam
201 2086 272 2136 alter
282 2087 362 2135 obses
372 2086 506 2149 retentus)
518 2086 572 2136 duo
584 2087 777 2151 exploratores
787 2102 836 2154 per

40 2154 199 2207 cuniculum
210 2154 299 2204 missi:
311 2168 360 2219 per
371 2169 440 2219 quos
450 2154 518 2205 satis
530 2163 671 2221 comperta
681 2170 720 2216 re,
731 2162 837 2208 trecen·

39 2223 190 2283 domati,
210 2222 355 2287 transfuga
370 2223 440 2274 duee
456 2224 483 2274 in
499 2226 595 2275 urbem
609 2225 734 2291 ingressi,
755 2233 838 2275 nocto

40 2300 165 2361 portam,
186 2307 255 2358 quae
265 2293 471 2356 proximarum,
495 2307 600 2358 cepere.
637 2293 837 2356 Quareiracta,

40 2360 138 2415 oonsul
149 2362 341 2426 exercitusque
352 2361 491 2411 Romanus
506 2363 565 2413 siue
576 2364 727 2414 certamine
738 2365 834 2413 urbem

40 2434 176 2483 iiivasero.
203 2430 247 2479 lto
257 2429 412 2494 Nequinum
424 2430 599 2482 inditionem
613 2432 709 2496 populi
719 2431 836 2480 Romani

41 2502 125 2553 venit.
154 2498 270 2549 Colonia
282 2515 315 2550 eo
327 2498 457 2549 udi-ersus
467 2500 583 2551 Umbros
595 2502 688 2560 missa,
700 2516 717 2549 n
727 2498 836 2547 flumine.

42 2569 146 2621 Nuntia
156 2568 310 2634 appellata:
330 2569 468 2618 exercitus
480 2584 539 2618 cum
559 2584 658 2633 magna
671 2567 775 2632 praeda
785 2566 838 2617 llo·

42 2652 112 2691 muru
127 2638 267 2691 reductus.
304 2635 410 2689 liudem
424 2650 495 2687 anno
517 2638 552 2691 ab
567 2637 698 2689 Etruscis
712 2635 854 2686 arduenna
