1762 3486
35 526 76 562 rs.
88 510 172 562 xxi.
188 512 261 561 crs.
274 508 358 563 10.11.
378 510 526 578 [acaia.
539 513 607 563 A.c.
620 513 689 578 na]
711 513 762 564 253

66 614 161 667 atione
171 627 234 665 oum
244 626 278 665 eo
290 628 404 667 necesso
414 614 482 665 suit:
493 614 563 667 adeo
575 629 663 681 prope
674 618 762 666 omnis

122 682 259 734 annibalis
278 688 353 747 erat3
373 680 555 751 intentiusque
576 684 700 735 locutum
722 700 764 734 nr·

105 752 267 813 lamonem,
285 765 367 818 quum
378 750 509 805 Flaccum
519 751 671 814 Valerium,
690 753 764 818 lega-

35 842 48 906 ξ
133 831 202 875 unm.
238 820 410 888 Responsum
430 821 496 874 inde
513 823 617 891 legatis
632 822 764 873 Burunnis

47 894 81 964 ἦ
164 898 249 942 urruns
258 889 292 944 ab
305 890 482 959 Saguntinis,
500 908 553 944 noa
566 892 600 944 ab
610 890 764 943 Hannibale

35 962 48 997 ἱ
135 976 197 1012 ..aas
207 959 359 1012 Romanum
369 958 580 1031 iniartsssesrs,
594 960 620 1011 si
631 958 761 1029 Sagunti-

95 1028 215 1081 .issimos
228 1027 498 1098 Carthaginiensium
509 1028 635 1081 weielati
646 1045 762 1097 praepo-

54 1111 128 1151 .)um
138 1099 257 1150 Romani
268 1104 379 1164 tempus
390 1103 485 1149 terirnt
500 1097 684 1165 legationibus
701 1100 762 1150 mit·

35 1184 61 1231 s,
76 1168 232 1231 Hannibal,
253 1168 319 1235 quia
328 1166 434 1218 fessum
443 1166 563 1218 militem
574 1167 688 1233 proeliis
698 1183 762 1235 ope·

35 1252 91 1305 spuo
100 1234 233 1299 babebat,
253 1250 405 1305 paucorum
419 1236 456 1287 iis
468 1235 574 1288 dierum
585 1238 706 1303 quietern
717 1239 763 1289 de·

35 1306 206 1360 stationibus
222 1306 258 1357 ad
268 1304 426 1359 custodiam
436 1306 578 1357 vinearum
588 1306 762 1373 aliorumque

35 1376 242 1441 nnn-dispositis.
276 1376 390 1427 interim
402 1375 509 1427 animos
521 1389 617 1426 eorum
632 1391 704 1426 nune
720 1378 762 1426 ira

37 1452 96 1496 stes
107 1444 286 1507 stimulando,
292 1460 364 1495 nune
374 1458 423 1510 spe
432 1444 616 1510 praemiorum
629 1446 761 1496 accendit.

37 1529 87 1567 ero
108 1529 158 1580 pro
178 1515 309 1565 concione
324 1513 454 1580 praedam
471 1522 566 1579 captae
584 1514 659 1565 urbis
676 1514 763 1565 edixit

35 1598 83 1635 um
94 1582 163 1645 iore,
174 1583 243 1635 adeo
256 1584 364 1634 accensi
376 1598 470 1634 omnes
480 1590 554 1645 suut,
573 1594 613 1645 ut,
625 1585 647 1634 si
660 1592 761 1633 exteru-

35 1654 139 1721 signum
155 1653 250 1704 datum
265 1658 351 1713 esset,
373 1652 452 1705 nulla
468 1654 496 1702 ri
511 1653 606 1703 resisti
621 1653 763 1702 uideretur

35 1740 51 1775 r.
90 1721 234 1789 Saguntini
253 1729 284 1772 nt
301 1738 318 1773 a
333 1721 448 1787 proeliis
464 1722 585 1788 quietern
601 1720 762 1775 habuerzun,

35 1798 211 1851 ,acessentsu
233 1806 284 1841 nec
305 1791 430 1842 lacessiti
445 1806 494 1856 per
509 1790 617 1857 aliquot
631 1789 703 1852 dies;
724 1793 762 1839 itu

35 1866 117 1922 tonte,
131 1875 187 1911 non
197 1860 241 1913 die
252 1875 371 1927 unquam
383 1867 562 1912 cessaverunt
572 1862 606 1911 ab
619 1874 711 1924 opere,
733 1869 762 1907 ut

35 1945 62 1981 m
75 1944 183 1980 munim
194 1930 228 1981 ub
240 1945 274 1981 ea
284 1936 374 1998 parte,
386 1944 439 1996 qun
448 1928 618 1996 patefactum
631 1930 761 1994 oppiduu.

35 2014 47 2051 s
58 2007 129 2061 erat,
135 1999 289 2051 reficerent.
306 1999 373 2050 Inde
382 1999 550 2067 oppugnatio
562 2015 609 2052 eos
621 1998 761 2064 aliquanto

35 2070 95 2129 ior,
116 2083 198 2135 quam
208 2076 287 2130 ante,
306 2069 473 2129 adortnest3
496 2084 559 2131 nee,
582 2084 634 2136 qun
645 2070 760 2135 priunum

37 2137 194 2191 otissimum
207 2144 286 2203 parto
296 2139 401 2190 ferrent
410 2153 498 2204 opem,
520 2154 603 2206 quurn
615 2140 707 2189 omnin
717 2156 761 2186 rn-

35 2208 191 2259 lnluoribus
200 2213 364 2273 streperent,
381 2208 448 2259 satis
459 2210 531 2259 seire
541 2214 676 2275 poterant.
701 2209 761 2272 lpse

35 2276 112 2337 dbnl,
130 2277 277 2343 quatuiris
287 2277 411 2338 mobilis,
434 2278 526 2327 omnin
540 2278 709 2327 munimenta
720 2292 762 2326 ur·

35 2359 150 2415 sperans
160 2346 321 2408 altitudine,
343 2345 492 2413 agebatur,
515 2346 644 2396 hortator
656 2346 760 2396 aderat.

35 2436 38 2463 ι
48 2413 261 2483 quamadmota,
267 2416 419 2481 catapultis
426 2415 602 2480 ballistisque
614 2418 762 2479 perorunio

37 2490 90 2538 ata
107 2483 263 2551 disponitis,
290 2499 383 2535 muros
404 2483 596 2536 defensoribus
617 2483 762 2547 uuelnsset3

35 2554 191 2615 Hannibal,
208 2554 380 2605 occasionem
392 2560 482 2615 ratus,
500 2554 665 2622 quingentos
677 2555 762 2606 senune

35 2636 121 2677 ioum
141 2622 264 2675 dolabris
281 2621 319 2673 ad
334 2622 520 2677 subruendum
536 2625 570 2675 ab
584 2625 640 2674 iuro
655 2639 761 2672 muron:

35 2698 60 2755 t:
80 2708 132 2745 nso
146 2701 208 2746 erat
222 2690 337 2743 difficile
357 2707 440 2759 opus,
462 2693 535 2761 quod
551 2700 694 2745 caementa
709 2708 761 2741 utun

39 2784 46 2823 ,ς
53 2760 158 2815 durata
177 2769 271 2822 erant,
293 2761 343 2811 sed
363 2762 491 2815 interlita
509 2764 583 2825 luto,
605 2768 761 2813 structurae

35 2830 92 2887 nno
110 2847 221 2901 genere.
256 2831 354 2897 ltaque
375 2831 471 2894 latius,
494 2848 576 2899 quarn
592 2829 767 2884 caederetur,

35 2908 71 2957 atr
93 2916 198 2969 perque
219 2901 344 2967 patentia
362 2901 452 2954 ruinis
468 2903 586 2971 agroino.
600 2904 782 2955 armatorum

35 2986 92 3025 ism
104 2972 245 3023 radebant.
274 2970 385 3024 Loouru
397 2990 515 3044 quoque
528 2976 647 3029 editum
660 2968 799 3032 cupium.

35 3038 116 3101 isque
130 3053 164 3089 eo
178 3042 331 3106 catapultis
351 3044 564 3116 ballistisque,
586 3052 627 3097 ut
644 3034 816 3094 nantelinus
