1762 3486
153 488 266 543 irisan
286 488 368 542 ΧΧΙ.
398 491 473 543 Ciu.
492 488 519 542 4.
537 488 563 544 u.
708 494 759 545 2⁴7

38 596 76 649 tis
85 594 225 664 gentibus,
242 594 445 663 iungendoque,
454 601 562 647 tructus
572 596 608 647 od
619 596 648 647 id
657 596 760 649 bellum

38 666 168 733 iponet
203 664 359 727 Carteiam,
375 664 471 717 urbem
484 665 660 731 opulentam,
680 677 764 732 eaput

38 735 134 797 seius,
152 740 292 801 expugnat
301 732 399 801 diripit
436 748 461 786 a.
498 736 763 801 Quomstupereul-

38 806 141 857 sineres
152 805 289 867 civitates,
307 803 399 871 stipen
420 804 447 857 'o
458 803 601 871 imposito,
615 805 764 873 imperium

38 888 104 941 pere.
137 870 237 927 Viator
255 874 411 936 exereitus,
431 872 633 941 opulentusque
649 874 763 943 praeda,

38 942 160 1013 nginsn
177 957 278 997 novara
299 944 329 997 ia
349 940 466 995 hiberna
483 946 527 996 est
541 942 685 997 deduetus.
722 944 764 995 ibi

38 1012 199 1080 =pnrtieudo
213 1012 358 1081 praedam,
377 1012 516 1081 stipendio
530 1016 684 1083 praeterito
700 1028 763 1065 eum

38 1080 207 1147 exsolvendo,
226 1084 334 1135 eunetis
345 1082 447 1135 eisinm
457 1084 651 1151 sociorumque
661 1084 763 1135 animis

43 1150 244 1217 firmatimure
253 1154 343 1219 priano
354 1150 530 1205 inVneeaeos
539 1158 697 1221 prouentum
706 1153 764 1207 bel·

62 1220 251 1275 Hermandica
258 1227 290 1276 at
297 1220 436 1275 Arbocala
448 1220 688 1292 urbesrinaptse.
716 1224 764 1274 Ar·

38 1288 104 1343 inst
114 1290 444 1345 virtutentmultitudins
452 1290 656 1359 oppidanorum
666 1292 765 1344 diade·

39 1378 54 1413 ι.
86 1360 129 1413 Ab
138 1358 326 1413 Hemmndiea
334 1359 457 1429 profugi,
468 1361 610 1415 exsulibus
621 1361 765 1425 olendum,

39 1444 57 1479 u
72 1434 180 1481 aestate
196 1428 318 1484 domitae
332 1432 440 1497 gentis,
461 1444 545 1498 qaum
559 1447 590 1485 se
601 1432 765 1492 innuissent,

39 1499 147 1550 itantc
198 1504 308 1551 etanos:
328 1500 477 1567 adortique
498 1502 702 1562 Hannibalem,
724 1516 765 1551 re·

39 1582 89 1619 um
110 1581 146 1620 ex
190 1572 312 1631 neeueis,
339 1567 414 1620 haud
436 1570 533 1636 procui
553 1572 632 1638 Tago
654 1569 765 1621 flumine

39 1652 63 1689 in
81 1651 167 1704 grave
188 1637 291 1704 praede
312 1638 466 1691 turbavere.
502 1640 642 1691 Hannibal
657 1640 765 1706 proelio

39 1708 109 1771 nuit3
132 1708 284 1774 castrisque
295 1722 377 1773 super
387 1710 474 1774 ripam
486 1710 596 1775 positis,
617 1724 700 1775 quum
712 1709 766 1774 pri-

39 1779 96 1829 uias
106 1776 301 1843 silentiumque
312 1777 347 1827 ub
357 1775 483 1829 hostibus
494 1777 555 1839 suit,
572 1792 680 1830 amnem
694 1777 765 1827 vasio

39 1847 88 1899 nite
109 1846 239 1912 valloque
258 1846 299 1897 ita
313 1846 464 1913 prodesto,
483 1852 515 1897 ut
527 1847 619 1898 lecum
631 1847 667 1898 ad
678 1854 764 1897 trans-

41 1910 142 1969 eudum
153 1914 247 1967 hostes
258 1914 404 1978 haberent,
421 1915 552 1969 invadere
564 1931 612 1969 eos
624 1923 767 1967 transeun-

39 1987 127 2037 nteit.
155 1984 303 2051 Equitibua
315 1986 465 2052 proecepit,
478 1991 518 2047 ut,
531 2000 614 2053 quum
626 1988 766 2052 ingressos

39 2068 66 2107 m
74 2054 212 2117 riderent,
223 2054 407 2107 adorirentur.
443 2054 573 2107 Peditum
583 2070 682 2123 agmen
692 2057 721 2106 in
732 2056 767 2105 ri-

39 2122 198 2191 slsphautos
213 2129 278 2175 aute
287 2124 473 2191 quadraginta
483 2124 632 2192 disposuit.
668 2126 767 2191 Carpe·

40 2206 94 2244 um
109 2208 171 2245 euni
192 2192 389 2259 appendicibus
409 2194 543 2247 Olcadum
564 2192 768 2247 Vaccaeorum-

40 2267 137 2313 nutum
150 2261 337 2327 millinfuere3
358 2262 462 2314 invicta
479 2264 567 2327 unies,
588 2266 612 2315 si
629 2278 717 2329 aequo
729 2263 768 2313 di·

40 2336 116 2383 ratur
126 2346 231 2398 canipe.
259 2331 357 2397 ltaque
369 2338 398 2383 et
408 2332 519 2400 iugenio
531 2332 649 2395 feroces,
659 2338 688 2383 et
698 2331 768 2383 mul·

40 2398 176 2462 instrati,
196 2406 236 2463 et,
257 2401 332 2468 quod
343 2406 420 2453 metu
431 2404 548 2457 cessim
560 2399 710 2455 eredebant
721 2400 769 2451 ho-

40 2468 82 2533 ,id
91 2470 195 2521 morari
204 2471 349 2523 victoriam
361 2470 424 2533 rati,
435 2470 508 2536 quod
518 2472 667 2525 interesset
672 2474 769 2534 amnis,

40 2552 88 2593 ora
96 2538 217 2600 sublato,
227 2540 332 2606 passim
342 2538 401 2591 sine
413 2539 497 2591 ultius
508 2541 634 2662 imperio,
645 2558 702 2610 qua
714 2545 768 2593 cui-

40 2608 186 2665 rosunum
198 2615 249 2671 est,
261 2611 288 2659 in
299 2622 406 2661 aninam
417 2615 511 2661 ruunt.
573 2618 628 2665 tex
639 2619 720 2679 parte
731 2612 769 2662 al-

40 2680 114 2745 tipae
123 2676 167 2729 sis
179 2678 275 2744 iugens
285 2679 409 2745 equitum
421 2681 448 2730 in
459 2677 560 2734 flumen
570 2683 702 2743 immissu,
714 2697 768 2732 me-

40 2762 68 2801 sn
87 2746 169 2799 nlreo
184 2746 396 2814 haudquaquam
412 2751 472 2814 peri
488 2752 638 2803 certamine
656 2765 769 2801 eonem·-

57 2816 160 2899 qqupe
171 2816 216 2868 ubi
228 2817 313 2883 pedes
324 2816 474 2880 instabilis,
485 2833 519 2870 ue
528 2819 576 2870 vix
585 2818 657 2871 rado
670 2818 768 2879 fidens,

40 2886 167 2939 irnermi
178 2888 280 2953 equite,
298 2901 368 2954 equo
379 2894 484 2941 temere
494 2894 570 2951 aeto,
577 2887 782 2956 pervertique-

41 2970 135 3023 eques,
146 2970 260 3021 corpere
270 2958 412 3024 aeneisque
425 2958 511 3023 liber,
520 2974 597 3027 equo
607 2956 662 3009 uei
670 2968 726 3022 per
736 2969 800 3002 me·

41 3025 154 3089 mefites
168 3026 275 3089 stabili,
298 3029 434 3084 cominus
450 3031 635 3100 eminusque
646 3040 716 3079 rem
729 3035 819 3089 gere·
