1762 3486
33 509 365 567 n.xx11.cln.11.12
384 512 530 583 [acuit.
541 510 685 579 l.c.217,]
706 510 755 563 321

33 625 55 671 t
92 618 136 671 Ex
151 614 206 671 lroc
214 619 321 671 urbano
332 619 470 682 exercitu,
490 617 539 685 qui
550 618 670 668 minores
681 618 757 685 quiu-

33 694 49 741 t
61 686 183 757 triginta
195 687 276 740 annis
286 692 381 752 erant,
400 687 432 740 in
442 702 527 741 nares
538 686 676 754 impositi:
698 686 757 744 alii,

33 758 56 809 bi
64 756 266 825 praesiderent,
280 757 382 811 relicti

33 827 65 880 ll.
82 826 223 890 Dictator,
233 827 359 880 noscitu
370 825 491 879 consulis
503 832 618 894 accepto
629 840 647 878 a
657 824 757 876 Fuluio

33 910 56 949 >o
64 896 169 965 legato,
179 911 231 965 pcr
241 911 340 965 agrum
350 895 485 949 Sabinum
496 898 598 960 Tibur,
618 910 672 966 quo
685 894 758 946 diem

33 966 217 1021 muniendum
227 966 356 1020 edixerat
364 967 444 1019 noris
455 966 601 1030 militibus,
611 965 701 1019 venit:
721 969 759 1017 in-

33 1043 164 1100 meneste,
186 1050 219 1088 uc
229 1037 398 1089 transversis
408 1037 545 1089 limitibus
557 1037 588 1089 in
598 1035 671 1089 riam
682 1035 759 1087 Lati-

35 1106 226 1177 utcgressus:
245 1106 329 1170 unde,
345 1106 493 1161 itineribus
503 1120 611 1158 summa
621 1121 682 1157 cum
694 1121 761 1157 cura

33 1176 118 1240 ontis,
124 1175 164 1229 ad
173 1175 283 1228 bortum
294 1176 384 1242 ducit3
395 1176 472 1229 nullo
482 1176 555 1241 loco,
567 1176 619 1228 nisi
629 1183 759 1242 quantum

33 1244 246 1314 rtitsscogeret,
264 1245 394 1298 fortunae
410 1246 661 1299 secommissurus.
698 1246 760 1307 Quo

33 1326 76 1393 pm
89 1314 133 1369 dle
149 1314 224 1368 baud
239 1316 337 1383 procul
347 1317 428 1385 Arpis
437 1316 467 1368 iu
477 1322 628 1383 conspectu
639 1315 762 1368 hostiam

33 1390 168 1449 ltcastra,
182 1385 262 1438 nullu
272 1401 351 1439 mora
363 1384 448 1451 iacta,
466 1388 531 1453 quin
544 1386 652 1439 l'oonus
664 1386 761 1439 educo-

33 1454 151 1519 nauem,
172 1456 337 1523 copiamque
353 1455 494 1525 pugnandi
510 1455 631 1509 iaceret:
653 1457 702 1508 sed
714 1457 761 1505 ubi

33 1525 58 1573 tu
71 1525 161 1577 omnia
177 1525 251 1593 apud
264 1525 373 1589 luostes,
393 1542 444 1579 nec
459 1533 552 1581 castra
566 1527 624 1578 ullo
641 1527 760 1577 tumultu

33 1593 138 1659 iridct3
158 1596 303 1662 increpans
322 1596 447 1664 quidem,
466 1598 557 1649 victos
572 1595 684 1648 tandem
696 1612 760 1661 quo-

39 1658 151 1716 iiartios
170 1666 280 1718 animos
301 1667 448 1730 Romanis,
475 1667 711 1732 debellatumque,
735 1678 762 1715 ot

33 1740 120 1786 aarum
129 1736 275 1802 propalam
287 1736 321 1790 de
332 1738 436 1789 uirtute
447 1753 480 1789 uc
489 1737 582 1805 gloria
591 1750 660 1797 esse,
680 1736 707 1783 in
720 1752 763 1785 cu-

44 1803 133 1857 rediit:
155 1811 278 1858 cetorum
296 1808 385 1859 tacita
404 1823 470 1860 cura
490 1806 612 1859 animum
628 1804 763 1860 incensus,

33 1866 105 1952 lpum
116 1874 195 1938 duce,
214 1874 427 1946 haudquaquam
438 1877 577 1930 Flaminio
588 1873 763 1941 Semproniu-

34 1944 116 2008 nmili,
133 1944 227 1996 lutura
237 1947 293 1999 sihi
302 1962 347 2000 res
359 1953 445 2011 esset;
464 1948 565 1999 actum
577 1945 687 1997 demum
700 1944 764 1996 edo-

33 2012 95 2065 ralis
110 2014 230 2066 Romani
245 2030 339 2083 parom
359 2017 514 2070 llannibali
531 2017 629 2069 ducem
645 2015 764 2083 quaesis-

33 2114 39 2131 .
68 2083 104 2137 ill
117 2084 294 2151 prudentiam
310 2086 434 2154 quidem,
453 2089 598 2151 neurim,
620 2085 764 2139 dictatoria

33 2152 101 2219 opio
113 2155 217 2208 timuit.
254 2157 447 2209 Constantiam
463 2155 537 2211 haud
549 2157 613 2209 dum
625 2164 766 2224 expertus,

33 2232 70 2277 iro
85 2239 117 2276 ac
133 2230 243 2278 tentare
259 2226 382 2278 animum
398 2227 535 2280 movendo
551 2230 648 2279 crebro
665 2234 766 2284 eastra,

33 2288 174 2361 llandoque
183 2294 211 2344 in
223 2296 312 2347 oculis
323 2297 384 2349 eius
396 2313 479 2365 agros
490 2298 643 2357 sociorum,
664 2295 766 2361 coepit.

33 2360 94 2414 lodo
104 2365 192 2415 citato
204 2365 314 2432 agmine
326 2381 341 2418 e
352 2373 502 2434 conspectu
514 2366 618 2428 abibat,
630 2366 713 2416 modo
725 2380 765 2416 re-

33 2430 83 2483 ain
94 2434 188 2501 aliquo
199 2433 273 2487 llcxu
285 2437 362 2497 ariae,
384 2437 408 2487 si
425 2438 554 2503 excipere
566 2436 725 2501 degressum
738 2437 766 2484 iu

33 2514 81 2553 lum
92 2510 195 2569 posset,
207 2505 333 2558 occultus
345 2505 525 2560 subsistebat.
552 2505 656 2557 Fabius
667 2522 716 2574 per
726 2507 767 2556 lo·

33 2568 70 2623 itu
79 2588 179 2641 agmen
194 2573 327 2640 ducebat,
345 2575 456 2630 modico
469 2579 506 2647 ¹ab
517 2574 598 2629 hoste
611 2576 766 2635 interuallo,

33 2654 91 2724 lqup
100 2644 244 2698 omitteret
254 2660 331 2709 cum,
348 2661 439 2714 neque
455 2647 679 2716 congrederetur.
717 2647 767 2696 Ca-

33 2744 38 2769 ,
58 2713 112 2765 risi
121 2720 255 2780 quantum
266 2730 332 2767 usus
344 2717 501 2770 necessario
514 2722 635 2785 cogeret,
654 2717 766 2768 teneba-

33 2780 103 2835 tiles.
136 2783 271 2837 Pabulum
281 2792 310 2839 et
323 2787 399 2855 ligna
411 2802 462 2838 nec
470 2788 552 2856 pauci
564 2786 704 2853 petebant,
717 2800 766 2835 inec

34 2866 70 2905 lu.
96 2853 231 2921 Equitum
242 2856 366 2923 levisque
377 2864 536 2910 armaturae
546 2856 640 2914 statio,
654 2867 766 2916 conopo-

33 2922 220 2991 instructaque
237 2925 265 2976 in
280 2926 388 2978 subitus
400 2928 552 2988 tumultus,
574 2933 603 2976 et
617 2938 668 2973 suo
680 2921 767 2970 militi

33 2993 138 3054 omnia,
160 3005 189 3045 et
199 2994 302 3048 infesta
312 2996 408 3048 ellitsis
420 2995 540 3047 hostium
552 2989 766 3062 populatoribus

33 3064 118 3115 rebat.
156 3063 253 3131 Neque
268 3065 399 3119 uniuerso
417 3064 542 3135 periculo
556 3075 779 3114 summarorium

35 3132 228 3188 mentuali.
534 3135 569 3189 x
758 3108 811 3160 Ψ
