1868 2946
66 120 99 174 74
207 120 241 171 Τ.
256 117 362 169 lell
381 117 425 186 [U.
437 116 707 187 cananaeae]

66 225 180 276 turiatis
191 223 343 283 ferrentur,
359 228 423 272 ante
433 223 533 272 initum
544 222 707 288 suffragium
718 222 821 276 Patres
833 240 880 277 ou·
910 236 929 291 ᾗ

66 301 159 346 etores
180 293 290 344 tierent:
314 292 441 354 tertiam,
463 298 494 341 ut
517 292 592 343 alter
611 293 710 359 utique
732 309 768 344 ex
788 294 902 360 plebe..
923 290 927 295 ’

66 379 149 430 quum
160 377 194 414 co
206 368 316 414 ventum
328 362 374 424 sit,
383 368 415 411 ut
424 366 571 429 utrumque
581 361 723 427 plebeium
735 363 880 415 consulem
903 414 912 421 ,

67 435 130 484 lieri
150 433 261 493 liceret,
281 445 380 482 censor
399 437 551 482 crearetur.
586 430 655 482 Plus
667 446 701 484 co
712 446 789 483 anno
803 428 902 501 doni.

70 507 214 567 acceptum
223 498 313 551 cladis
326 500 360 550 ab
372 500 533 552 consulibus
544 515 579 553 ac
589 499 741 564 dictatore,
752 516 836 569 quam
846 508 904 563 u„
923 494 929 507 '

69 570 189 622 victoria
199 584 296 622 corum
307 569 471 636 bellicisque
484 570 569 622 rebus
582 568 655 621 foris
669 576 786 623 auctum
794 562 929 665 imper-q:

69 641 149 701 rium,
164 638 263 690 Patres
274 638 433 691 credebant.
811 646 815 653 '
876 682 880 687 .

122 708 195 760 Xlll.
213 708 291 759 Anno
302 707 469 774 insequenti,
479 705 605 758 L.Furio
616 706 750 771 Camillo,
761 706 793 759 0.
802 704 882 763 Μιος
895 738 904 775 ·.

70 778 116 829 nio
128 777 304 838 consulibus,
325 790 378 842 quo
395 776 557 843 insignitius
574 776 678 828 omissa
693 792 741 829 res
749 774 882 843 Aemilio,
894 770 929 867 ,Γ

70 847 223 913 superioris
234 846 299 897 anni
309 846 426 907 consuli,
439 846 664 912 exprobraretur,
673 845 782 897 Pedum
793 842 880 899 armis
897 862 929 915 μ’

69 917 195 982 virisque
205 922 233 968 et
245 915 319 968 omni
329 916 357 965 vi
369 915 582 982 expugnandum
595 930 629 966 ac
639 914 791 968 delendum
801 928 882 967 sent·
889 910 929 1003 ,ζ

69 991 116 1037 tus
132 985 239 1037 frenrit:
262 985 408 1051 coactique
420 985 486 1036 novi
502 984 645 1046 consules,
667 984 801 1037 omnibus
818 994 929 1061 onii-ts

69 1069 128 1106 rem
144 1055 297 1121 praeverti,
319 1054 543 1121 proficiscuntur.
573 1054 638 1104 lam
653 1053 776 1105 Latinis
790 1058 882 1105 stsms
909 1058 929 1081 ‘⁸

70 1129 131 1176 erat
142 1137 248 1184 rerum,
267 1130 299 1174 ut
314 1138 403 1190 ncquc
416 1123 522 1173 bellum
534 1138 624 1190 neque
635 1138 733 1190 pacem
745 1120 809 1190 pati
819 1136 881 1191 pos·
907 1118 929 1159 ³⁵

70 1197 140 1244 sent.
159 1191 201 1243 Ad
212 1191 317 1243 bellum
329 1206 396 1259 opes
408 1192 535 1245 deerant:
552 1207 656 1312 pacem
668 1194 704 1245 ob
716 1192 779 1261 agri
790 1191 881 1265 adem
908 1188 929 1231 Ὶ

70 1260 243 1330 ptidolorcm
255 1262 485 1328 aspernabantur.
502 1260 551 1314 Me
570 1260 880 1315 iisconsiliisstaudun
908 1252 929 1319 ¹1

70 1331 229 1393 ridebatur,
245 1336 277 1381 ut
289 1331 399 1397 oppidis
414 1346 444 1382 se
456 1336 598 1395 tenercut;
618 1346 654 1383 no
666 1331 819 1384 lacessitus
827 1330 882 1383 llo·
910 1328 929 1371 'fl

70 1417 167 1453 manus
179 1416 291 1453 causam
302 1401 372 1452 belli
382 1399 511 1451 haberet:
521 1406 560 1463 et,
570 1400 688 1453 siculus
698 1401 800 1468 oppidi
809 1398 882 1452 obsi·
913 1402 929 1439 l*

71 1472 117 1523 dio
133 1473 261 1524 nuntiata
275 1476 362 1532 esset,
382 1470 504 1536 undique
514 1484 551 1521 ex
561 1470 691 1522 omnibus
707 1471 821 1538 populis
834 1482 882 1521 au·
914 1478 929 1529 l}

71 1542 169 1591 xilium
180 1541 300 1593 obsessis
311 1539 439 1591 ferretur.
474 1539 572 1605 Neque
586 1544 694 1601 tonica,
713 1539 771 1591 nisi
788 1539 882 1592 admo·
912 1538 920 1569 ‘-

71 1610 136 1660 dum
149 1625 166 1660 a
175 1612 272 1675 paucis
282 1609 405 1676 populis,
419 1608 526 1659 Pedani
535 1608 626 1660 adiuti
636 1614 710 1661 suut.
748 1610 880 1662 Tiburtes
911 1602 915 1611 '

71 1679 311 1745 Praenestinique,
333 1692 450 1745 quorum
467 1692 534 1743 ager
550 1678 753 1745 propiorem,
774 1678 879 1731 Pedum

897 670 903 703 l

906 702 929 733 Ε

72 1762 230 1816 pervenere.
241 1748 369 1797 Aricinos
381 1746 594 1813 Lanuvinosque
605 1753 634 1798 et
643 1745 820 1810 Veliternos,
830 1749 880 1799 An·
911 1756 929 1845 p

71 1815 189 1867 tiatibus
200 1814 312 1867 Volscis
322 1832 352 1868 se
362 1817 575 1882 coniungentes,
597 1816 634 1867 ad
644 1817 767 1869 Asturae
778 1817 879 1869 flumen
920 1828 929 1853 s

71 1885 207 1949 Maenius,
218 1886 371 1952 improviso
384 1886 508 1946 adortus,
520 1885 603 1937 fudit.
633 1887 773 1938 Camillus
785 1887 822 1938 ad
833 1886 880 1937 1¹0·
913 1882 927 1929 ἡ·ε

71 1955 136 2005 dum
149 1970 212 2007 eum
224 1956 403 2019 Tiburtibus,
422 1956 544 2006 maxime
554 1954 649 2005 valido
661 1958 805 2019 exercitu,
825 1970 879 2006 ma·
914 1958 929 2001 '²2

71 2025 131 2076 iore
141 2027 226 2088 mole,
236 2041 390 2093 quanquam
401 2040 489 2092 aeque
500 2039 633 2090 prospero
644 2031 755 2088 eventu,
766 2030 879 2093 pugnat.
915 2028 929 2067 'r-

71 2095 233 2146 Tumultum
246 2096 365 2145 rrsaxime
377 2095 521 2160 repentina
533 2095 607 2144 inter
618 2095 757 2159 proelium
771 2095 879 2162 eruptio
915 2092 929 2161 *r

72 2163 271 2230 oppidanorum
283 2165 362 2215 lecit:
373 2165 401 2214 in
412 2178 481 2229 quos
493 2170 573 2229 parte
584 2163 880 2224 exercitusconvcrsa,
919 2166 929 2207 t

72 2234 207 2286 Camillus
218 2250 272 2285 non
285 2234 418 2300 compulit
430 2233 520 2284 solum
533 2248 580 2283 eos
591 2232 667 2283 intra
683 2234 812 2298 moenia,
833 2230 879 2286 sed
915 2232 929 2277 a,

72 2303 170 2356 eodem
182 2304 266 2355 etiam
279 2304 338 2366 die,
360 2318 440 2370 quum
454 2302 530 2368 ipsos
541 2301 700 2368 auxiliaque
711 2318 810 2355 corum
822 2316 880 2370 per·
917 2302 925 2341 ’θ

73 2374 199 2435 culisset,
220 2374 351 2440 oppidum
368 2372 451 2423 scalis
468 2371 550 2437 cepit.
586 2370 699 2422 Placuit
720 2372 802 2436 inde,
824 2374 879 2424 iam
915 2376 929 2439 t

72 2445 178 2495 maiore
193 2451 294 2494 conatu
310 2443 456 2507 animoque
472 2442 506 2492 ab
519 2440 598 2491 unius
615 2443 827 2508 expugnatione
837 2455 880 2493 ur·
916 2444 929 2481 l

71 2515 112 2566 bis
129 2515 164 2565 ad
180 2512 395 2580 perdomandum
408 2510 520 2561 Latium
535 2510 672 2560 victorem
692 2511 878 2562 circumduce·
914 2508 923 2571 ᾗ

60 2599 95 2635 re
104 2585 275 2638 exercitum:
294 2599 347 2637 nec
359 2582 491 2654 quievere
503 2584 578 2642 ante,
593 2580 877 2645 quamnquqnando
914 2584 929 2641 F

43 2662 100 2706 ant
116 2658 146 2708 in
169 2657 352 2716 deditionem
376 2649 550 2725 accipiendo
571 2646 705 2713 singulas
721 2647 890 2702 urbessta-
926 2650 929 2658 ¹

123 2860 216 2900 A
