1762 3486
418 361 596 374 ——..·—.-‚--

672 368 771 385 ..ω-μη
796 376 828 391 Ὕ-

50 534 86 585 x.
105 535 179 586 cn.
191 533 233 587 ru.
246 532 288 585 37.
308 534 394 602 [ue.
406 535 463 589 458.
478 538 510 585 A.
522 535 631 603 ceni]
666 536 717 588 221

47 656 52 689 ι
62 638 218 691 Romanum
228 640 333 691 vinum}
345 637 416 691 adeo
428 638 512 690 facile
523 638 717 700 inclinatum,

46 723 71 759 re
93 723 112 760 e
132 707 233 766 caetris
248 705 358 772 hontee3
378 722 444 759 mcx
459 708 545 760 etiem
560 707 668 761 redacti
682 710 716 761 ad

47 792 88 839 un,
98 776 126 827 in
138 790 193 844 que
204 777 351 829 commissu
360 791 456 845 pugna
465 783 536 829 erut.
573 778 623 838 ibi,
642 778 717 829 obin-

47 847 179 899 reinerum
194 845 318 908 cumulo,
339 861 410 913 quus
428 846 604 899 coniecerant
618 846 647 897 in
664 863 717 899 me·

47 931 124 969 encre
135 914 277 982 impediti:
299 914 410 975 deinde,
421 930 455 967 ne
468 916 656 983 diriperentur
664 932 718 973 ree,

47 992 197 1038 nneteruru
213 985 331 1036 carcinin
347 985 527 1037 circumdant.
565 986 638 1037 'l'uur
651 1000 718 1038 reru

47 1060 113 1108 onte
128 1068 228 1121 urgere
246 1054 366 1121 pedites,
386 1054 421 1106 eb
440 1060 520 1123 tergo
539 1055 717 1108 circumvecti

66 1124 111 1175 Ita
125 1124 155 1175 in
168 1122 260 1175 medin
275 1124 351 1177 caeni
362 1124 501 1191 captique.
537 1125 717 1191 Captivorum

63 1192 120 1244 init
137 1197 244 1260 septem
264 1192 381 1245 millium
399 1208 433 1245 ec
454 1192 651 1256 ducentorum,
673 1200 718 1260 qui

48 1261 99 1314 udi
116 1262 166 1314 sub
187 1262 282 1328 iugum
301 1262 395 1315 minei:
426 1277 522 1315 caecet
542 1264 663 1315 retulere
683 1264 718 1315 ed

47 1350 49 1361 ·
67 1330 158 1383 millie
177 1332 362 1398 octingentos.
397 1332 441 1384 Ne
456 1332 590 1383 Romunin
606 1332 717 1400 quidem

47 1400 131 1453 storin
149 1398 216 1453 fuit:
236 1407 396 1454 recensente
410 1402 525 1454 consule
540 1401 626 1453 biduo
643 1418 718 1453 aece-

47 1470 128 1532 rdem,
152 1471 317 1522 antisserum
334 1471 453 1523 rnilitum
473 1487 602 1523 numerus
614 1473 718 1523 relatus

47 1540 160 1591 uiiiium
171 1555 204 1590 ec
216 1540 406 1593 ducentorum.
443 1540 516 1591 Duru
527 1539 595 1593 hacc
610 1542 637 1593 in
648 1546 719 1607 :ipu-

47 1616 143 1671 entur,
153 1609 243 1660 altero
254 1611 377 1661 cxercitu
383 1610 519 1663 Samnites
526 1612 718 1663 interamnam.

46 1695 56 1730 r
66 1678 234 1740 Romanam,
255 1695 325 1746 quae
336 1681 382 1732 rie
392 1681 493 1732 Latine
505 1688 561 1742 cst,
583 1696 718 1747 occupare

47 1748 128 1801 ‚rbem
139 1763 195 1800 non
207 1755 366 1801 tenuerunt:
379 1750 629 1819 agresdepopulnti
637 1766 716 1816 quurn

62 1818 149 1870 alium
167 1818 232 1869 inde
247 1819 362 1871 mixtam
379 1818 520 1872 homiuum
532 1824 622 1885 'atquc
640 1835 718 1886 pecu-

49 1887 185 1955 lonoeque
202 1895 299 1954 captus
314 1896 442 1956 agerent,
463 1891 491 1940 in
507 1889 640 1940 rictorem
653 1890 718 1938 inci·

47 1958 145 2019 sulem,
157 1959 192 2009 ab
203 1957 324 2010 Luceria
334 1960 507 2012 redeuntem:
527 1975 578 2011 ncc
587 1959 718 2025 praedant

47 2027 159 2090 nittunt,
171 2027 220 2079 scd
232 2027 286 2093 ipsi
296 2028 380 2095 louge
392 2035 475 2096 atque
486 2029 621 2094 impedite
634 2031 718 2095 agmi-

47 2096 137 2163 ,poniti
147 2096 307 2149 caeduntur.
336 2100 447 2159 Consul,
467 2100 650 2149 interamnam
664 2099 717 2149 edi·

48 2166 103 2216 inie
123 2165 216 2216 adres
236 2182 302 2218 suus
319 2168 473 2220 noscendas
489 2169 718 2234 recipiendasque

47 2250 64 2297 r,
84 2241 114 2285 ct
124 2236 249 2286 exercitu
259 2236 299 2287 ihi
310 2237 424 2299 relicte,
446 2238 623 2289 comitiorum
635 2255 719 2288 causa

50 2310 94 2357 eet
107 2303 258 2371 profectur.
295 2306 346 2357 Cui
364 2307 398 2358 de
409 2305 547 2371 triumpho
564 2308 657 2373 agenti
675 2323 719 2357 ne-
