1868 2946
55 120 130 172 hro.
147 118 183 170 X.
200 119 274 171 Car.
285 117 328 169 24.
338 117 380 170 ab.
401 118 443 185 [U.
456 118 484 171 C.
495 121 554 187 4⁵7.
564 120 597 171 A.
611 116 641 173 C.
652 123 722 190 295]
757 124 809 177 205

26 243 69 279 tre
80 225 180 277 bellam
189 223 339 280 Etruscum
345 223 410 292 geri
420 232 493 277 recte
502 223 598 291 pettit.
634 224 752 287 Fabius,
771 228 812 277 ui-

26 297 42 348 l
54 291 137 347 aliud
148 297 279 358 precatus
309 292 430 358 opulum‚
442 308 523 360 quam
535 302 566 344 ut
577 294 663 360 prius,
677 309 761 361 quam
771 293 812 345 iu·

26 380 47 419 o
68 366 239 415 vocarentur
259 376 277 413 a
316 362 480 430 suffragium
501 363 602 425 tribus,
629 366 678 429 Ap.
701 364 812 415 Claudii

26 431 147 487 metonis
159 431 262 484 allatas
272 430 430 485 exEtruria
440 430 536 484 literas
548 432 686 495 audirent,
693 434 810 486 comitio

26 506 75 556 sit:
98 516 151 553 nec
169 501 278 552 minore
297 500 398 567 populi
419 516 566 564 consensu,
585 517 668 570 quam
686 509 810 565 senatus,

26 571 149 625 ovinoia
160 571 275 622 Etruria
287 577 369 623 extra
379 576 485 623 sortem
495 571 584 623 Fabio
600 572 713 624 decreta
723 578 774 624 est.
853 607 858 615 ·

44 639 139 694 XXV.
151 641 307 691 concursus
317 640 383 693 inde
392 640 426 692 ad
434 640 574 693 consulem
584 640 675 693 faetta
687 643 808 693 omnium

26 726 90 766 rme
108 709 262 761 iuniorum:
284 715 312 762 et
327 724 378 777 pro
394 710 552 778 aequisque
567 712 681 762 nomina
695 710 807 763 dabant.

26 790 94 834 anta
116 778 219 846 cupido
231 786 293 832 erat
313 779 364 831 sub
380 794 414 832 eo
429 780 498 832 duee
518 780 658 847 stipendia
678 780 807 833 faciendi.

26 867 63 903 ua
72 848 256 903 circumfusus
269 850 361 912 nubs,
382 849 522 915 Quattuor
532 849 630 915 millia,
644 850 742 935 iuquit,
758 866 808 933 pe·

26 932 88 975 tum
100 929 129 971 et
139 928 279 972 utrantos
290 920 392 988 equitet
402 921 542 973 duntaxat
551 920 667 973 stridere
678 938 708 973 sn
718 936 807 974 ammo

26 1002 52 1045 t.-
65 988 198 1042 hodierno
208 997 237 1040 et
247 988 369 1042 erastino
378 988 423 1042 die
431 989 479 1058 qai
488 989 598 1045 nomine
607 990 746 1051 dederitis,
755 1005 809 1042 ms·

28 1078 58 1114 tn
71 1061 183 1111 duram.
218 1056 323 1111 Maiori
338 1058 497 1112 militarat
508 1069 560 1121 est,
583 1066 616 1113 ut
627 1075 715 1113 omnes
735 1063 807 1112 tora·

26 1140 84 1184 stes
95 1129 237 1191 reducant,
259 1144 340 1197 qaam
350 1138 381 1181 at
391 1129 551 1181 rnaltisrrm
559 1145 656 1199 geram
666 1127 805 1181 militibus.

26 1198 148 1251 efectus
162 1203 228 1264 apto
243 1198 383 1260 exercitu,
405 1204 434 1250 et
444 1212 479 1251 eo
488 1198 552 1267 piar
562 1198 681 1253 fiduciae
697 1212 731 1249 ao
743 1200 805 1264 spei

26 1274 126 1328 rente,
142 1266 216 1331 quod
226 1282 281 1318 non
291 1266 451 1321 desiderata
460 1267 612 1320 multitudo
623 1273 693 1328 erat,
711 1267 746 1319 ad
759 1281 805 1333 op-

26 1339 94 1391 dum
105 1334 256 1398 Aharnam,
275 1336 348 1391 uode
359 1334 432 1389 baud
445 1337 543 1405 procul
553 1336 648 1390 hostes
662 1344 749 1395 erant,
769 1336 804 1387 ad

27 1416 92 1459 stra
102 1406 188 1472 Appii
198 1407 337 1472 praetoris
352 1408 452 1475 pergit.
487 1407 587 1459 Paucis
599 1409 671 1458 eitra
682 1405 805 1456 millibus

26 1483 156 1546 gnatores
170 1475 198 1527 ei
209 1491 270 1527 oum
280 1476 419 1542 praesidio
432 1483 590 1529 occurrunt:
614 1476 670 1544 qui,
682 1481 714 1525 ut
725 1474 805 1525 lioto-

26 1564 40 1599 s
62 1546 218 1613 praegredi
236 1546 376 1607 viderunt,
395 1546 567 1614 Fabiumque
582 1561 643 1599 esse
663 1543 804 1598 consulem

28 1629 145 1683 cepero,
156 1613 224 1666 laeti
235 1620 317 1681 alque
328 1615 434 1668 alacres
445 1617 498 1668 diis
510 1617 667 1683 populoque
678 1615 805 1666 Ronraoo

26 1693 93 1738 'ates
105 1689 207 1751 agunt,
222 1684 296 1751 quod
307 1701 369 1736 eum
381 1686 436 1737 sibi
447 1686 642 1753 imperatorem
656 1685 803 1737 misissent.

26 1753 172 1807 roumlusi
184 1753 282 1805 deinde
293 1769 377 1820 quum
389 1756 529 1808 consulem
542 1756 707 1818 salutarent,
724 1771 804 1822 quae·

26 1836 33 1875 t
44 1823 164 1884 Fabius,
175 1837 229 1889 quo
241 1830 403 1893 pergerent3
414 1825 706 1892 respondentibusque,
717 1825 806 1891 ligna·

28 1909 56 1944 m
67 1908 100 1944 se
113 1893 166 1952 ire,
187 1892 241 1945 ain’
253 1895 374 1956 tandem,
397 1895 501 1961 iuquit,
522 1911 585 1948 nata
597 1904 690 1947 rostra
701 1897 805 1946 uallata

26 1980 50 2015 m
61 1961 187 2014 labefit?
206 1961 248 2013 Ad
258 1961 311 2014 hoo
321 1978 403 2029 quum
415 1965 613 2016 succlamatum
624 1970 706 2025 esset,
717 1963 805 2031 dupli-

35 2031 147 2100 quidem
159 2032 237 2092 vallo,
249 2041 276 2083 et
285 2033 375 2103 fossa,
391 2041 419 2086 et
429 2042 518 2086 taurea
529 2034 558 2086 in
568 2033 675 2104 ingenti
686 2044 757 2087 areta
768 2050 804 2085 es·

31 2099 204 2169 :Habetiri
221 2100 287 2164 itur,
306 2102 405 2168 inquit,
417 2099 688 2172 affattmlignoram:
709 2103 804 2163 redite,

26 2169 136 2222 'vellite
154 2119 262 2222 sargan
298 2169 424 2223 Redeunt
444 2173 476 2222 in
494 2178 596 2235 castra,
615 2179 803 2240 terroremque

26 2239 46 2300 i,
65 2237 205 2291 vellentes
219 2240 331 2302 vallum,
353 2241 440 2302 otiis,
460 2242 507 2307 qui
520 2243 546 2291 ln
558 2243 657 2294 castris
667 2258 804 2296 remanse-

26 2314 70 2369 mt,
82 2308 232 2370 militibus,
253 2316 281 2361 et
297 2309 352 2375 ipsi
362 2310 450 2377 Appio
461 2311 595 2364 lecerunt.
632 2312 701 2363 Tum
712 2328 763 2379 pro
774 2328 803 2361 so

26 2378 116 2444 risque
127 2377 179 2428 alli
190 2378 254 2430 aliis
265 2379 371 2440 dicere,
394 2381 508 2433 consulis
524 2397 550 2433 se
564 2381 595 2445 Q.
607 2382 690 2434 Fabii
705 2383 804 2452 farere

26 2462 82 2497 itta.
110 2446 228 2498 Postero
241 2447 306 2500 indo
316 2447 361 2502 die
373 2455 466 2501 eastra
476 2458 560 2513 mota,
573 2457 601 2503 et
612 2451 714 2517 Appius
727 2463 801 2514 prur-

26 2529 44 2564 n
54 2516 172 2567 Romam
185 2515 323 2568 dimissus.
359 2517 425 2570 Inde
438 2535 573 2586 nusquam
589 2521 694 2570 stativo
704 2519 803 2567 Roma·

26 2582 140 2637 aluere.
170 2585 300 2651 Negabat
310 2587 379 2638 utile
393 2603 462 2649 esse,
477 2604 531 2639 uno
544 2589 607 2639 loeo
619 2588 715 2638 sedere
728 2596 804 2634 exer·

26 2657 99 2705 llum:
120 2655 269 2706 itineribus
281 2670 315 2706 ac
325 2657 479 2711 mutatione
489 2658 619 2711 locorum
629 2653 819 2710 mtsbilioram
