1762 3486
218 39 334 111 ctasque
352 44 449 107 miles,
463 39 598 96 'bibernis
617 44 767 95 itineribus
784 60 819 96 ac
841 61 879 113 pa

217 114 392 183 proelioque,
411 114 502 179 magis
518 113 553 164 acl
573 121 700 179 eventum
715 113 854 177 secondo,

218 192 268 236 aut
279 182 367 245 facili,
388 183 513 234 allectas.
550 183 602 235 Ubi
611 183 679 233 satis
691 184 780 249 quieti
790 184 880 236 (laton

218 269 252 305 ac
263 253 485 320 populationibus
499 253 596 320 inagis,
616 268 696 320 quam
708 253 770 304 otio
781 260 830 306 aut
842 270 874 306 ro

220 323 361 385 dentibus,
391 322 533 388 profectus
558 323 769 374 Praetutianum
794 324 863 375 llud

220 408 331 460 agrum,
353 393 463 442 Marsos
481 392 545 442 inde
555 392 787 459 Marrucinosque
798 399 828 444 et
840 394 880 446 Pe

197 472 201 479 ·
219 470 324 524 vastat,
344 462 471 528 circaque
482 463 569 528 Arpos
585 466 614 512 et
627 461 774 514 Luceriam
790 465 872 530 proxi

220 531 276 583 liae
286 532 438 599 regionam.
469 532 517 582 Cn.
528 530 663 583 Servilius
675 533 780 594 consul,
790 532 869 586 lerib

220 617 280 652 cam
293 600 383 653 Gallis
395 600 476 663 actis,
498 606 526 651 et
539 615 595 651 uno
611 601 714 667 oppido
725 601 876 670 ignobilia

219 677 366 738 postquam
389 670 423 721 de
445 669 569 737 collegae
591 670 786 738 exercitusque
806 672 880 725 caeti

219 741 277 791 iam
288 740 432 792 moenibus
443 739 553 806 patriae
567 745 700 801 metuens,
721 757 757 792 ne
768 742 881 795 abesse

221 810 295 861 mine
317 816 456 870 extremo,
477 809 512 859 ad
530 810 626 860 urbem
642 811 697 860 iter
710 809 842 863 intendit.

220 879 361 930 Maximus
373 880 495 931 dictator
504 880 615 941 iterum,
620 893 676 945 quo
687 878 734 932 die
744 882 867 949 magistr

219 954 320 1000 vocato
331 954 439 1011 senatu,
452 950 485 1000 ab
495 948 550 999 diis
561 964 650 1011 orsus,
661 963 744 1016 quum
753 949 881 1002 edocuis

218 1019 281 1086 plus
311 1018 483 1085 negligentia
512 1018 741 1070 caerimoniarum
772 1021 874 1087 auspic

220 1102 303 1156 qnam
319 1089 479 1140 tenneritate
493 1094 576 1156 atque
590 1087 716 1150 inscitia,
736 1096 836 1157 peccat

219 1157 305 1210 minio
320 1157 434 1210 consule
450 1173 523 1221 esse,
544 1173 668 1225 quaeque
681 1158 795 1225 piacula
810 1161 873 1213 irae

220 1233 291 1292 sent,
302 1228 380 1296 ipsos
393 1227 460 1280 deos
471 1227 654 1279 consulendos
667 1243 742 1293 esse;
758 1230 881 1295 pernici·

219 1314 276 1350 non
286 1298 374 1351 ferme
387 1297 614 1360 decemitur,nisi
625 1313 708 1364 qaum
717 1304 812 1351 taetra
821 1315 876 1367 pro

219 1369 294 1421 tiata
305 1374 376 1431 sunt,
388 1368 538 1420 decemviri
549 1368 637 1420 libros
648 1366 802 1435 Sibyllinos
813 1369 878 1420 adii·
