1762 3486
36 519 106 575 xu.
126 521 275 575 erasm.
296 519 453 589 [uuam.
468 519 620 588 n.e.217.]
641 521 690 573 :un

42 626 156 681 uixdum
168 628 239 680 satis
251 627 411 689 certatum,
433 626 570 694 angustiis
581 640 691 692 supera-

34 712 93 749 uam
108 698 137 748 in
153 698 342 766 patentiorem
359 710 487 764 euripum
498 694 582 762 pandi
592 708 691 762 agmen

34 768 161 819 [tuntum
177 766 316 830 hostiurn,
334 765 411 834 quod
431 782 467 818 ex
486 764 605 817 adverso
621 771 691 827 erat,

36 855 43 887 ε
66 839 100 889 ab
121 844 203 903 tergo
224 843 254 889 et
274 851 358 903 super
374 842 459 903 eaput
474 834 610 903 decepere
625 833 692 885 insi·

34 922 94 959 mus
106 907 162 970 ubi,
177 906 207 958 id
218 905 296 973 quod
303 906 434 973 petierat,
447 905 572 957 clausum
582 904 646 956 lucu
658 919 690 956 ac

36 984 63 1029 et
74 975 275 1029 circumfusum
290 976 349 1027 suis
366 976 454 1042 copiis
464 973 562 1027 habuit
572 973 691 1033 hostem,

34 1048 133 1099 unibus
144 1045 194 1097 dat
204 1046 288 1097 sirnul
298 1045 456 1097 invadendi.
493 1044 550 1107 Qui
559 1044 617 1107 ubi,
637 1059 691 1110 qua

35 1117 151 1167 mimum
162 1115 226 1178 tuit,
237 1115 430 1177 decucurrore,
446 1130 479 1166 eo
491 1115 580 1183 magis
592 1114 690 1166 Roma·

42 1194 127 1253 atque
138 1185 290 1252 improvisa
299 1199 345 1237 ros
356 1183 499 1252 fuitquod
509 1192 572 1236 orta
581 1198 616 1237 ex
627 1184 689 1235 ineu

35 1270 120 1322 impu,
152 1268 234 1321 quum
254 1256 412 1317 montibus,
439 1253 552 1306 densior
570 1253 689 1313 sederat,

35 1323 189 1379 ehostium
204 1338 240 1376 ex
255 1323 381 1390 pluribus
403 1323 522 1375 collibus
540 1324 604 1390 ipsa
618 1324 688 1374 inter

35 1399 180 1462 onsueetu,
201 1408 292 1461 eoque
307 1394 398 1460 magis
413 1393 519 1459 pariter
529 1391 690 1445 decucurre-

35 1480 137 1516 *manus
149 1464 273 1515 clamore
284 1463 360 1531 prius
377 1463 499 1530 undique
510 1468 587 1524 orto,
608 1478 690 1530 quarn

35 1541 101 1597 eret,
123 1549 153 1586 se
165 1534 383 1587 circumventum
394 1548 456 1585 esse
467 1534 567 1595 seusit3
588 1539 615 1584 et
627 1542 691 1583 ante.

35 1621 55 1656 u
74 1605 220 1670 lateraque
244 1606 363 1671 pugnari
384 1609 513 1669 coeptum
532 1610 588 1667 est,
610 1617 690 1668 quum

35 1680 150 1727 ueretur
160 1674 248 1736 acies,
268 1681 317 1725 aut
333 1673 459 1740 expediri
471 1687 563 1736 arina,
582 1672 688 1739 stringi·

65 1751 169 1798 ossent.
215 1770 219 1779 ι

35 1760 110 1876 ngat,
133 1813 268 1880 perculsis
279 1812 422 1872 omnibus,
443 1806 505 1877 ipse
517 1810 600 1872 satis,
621 1810 690 1860 utin

36 1883 221 1950 ‚impavidum
239 1883 366 1935 turbatos
378 1881 500 1943 ordines,
525 1887 650 1932 vertente
662 1895 691 1929 se

34 1954 182 2005 {dissonos
194 1954 339 2013 clamores,
350 1951 472 2013 iustruit,
489 1958 520 2001 ut
531 1956 640 2016 tempus
653 1950 691 1999 lu·

36 2024 119 2086 titur;
133 2030 161 2075 et
172 2038 333 2090 quacunque
345 2021 422 2073 adire
434 2021 580 2088 audirique
592 2028 692 2087 potant,

35 2110 63 2157 r,
78 2100 196 2147 aestate
207 2100 368 2160 etpugrrare
378 2091 469 2155 iubet;
488 2108 537 2145 mee
549 2091 619 2143 euim
629 2091 692 2143 iude

35 2163 225 2232 imploratione
236 2165 328 2224 deum,
348 2162 395 2214 ted
409 2161 437 2214 m'
453 2160 611 2224 aevtrtme;
634 2177 692 2214 eea·

39 2250 75 2286 se.
111 2232 165 2286 Per
176 2233 277 2286 medias
293 2232 365 2285 acies
376 2232 457 2304 ferro
473 2232 544 2284 viam
553 2231 636 2300 fieri:
657 2239 693 2293 et,

35 2304 59 2356 r's
76 2303 163 2356 utinm
173 2303 225 2366 uit,
246 2320 276 2356 eo
292 2302 380 2357 nurum
389 2302 481 2374 ferum
496 2300 613 2369 periculi
628 2316 691 2351 erue.

35 2389 94 2441 prae
105 2376 225 2439 strepitu
234 2388 268 2424 ao
278 2373 402 2425 tumultu
418 2388 468 2424 nee
479 2370 625 2424 consilium
642 2385 692 2421 nee

42 2443 132 2509 accipi
145 2447 267 2509 poterat:
288 2448 452 2508 tantumque
468 2444 579 2504 aberat,
599 2446 692 2492 utsua

35 2530 60 2566 re
71 2513 198 2565 ordinem
210 2518 238 2563 et
250 2512 342 2564 locum
355 2519 482 2564 nosceret
490 2512 583 2573 miles,
602 2518 633 2563 ut
645 2512 690 2561 vix

39 2581 177 2650 capienda
195 2581 372 2648 aptandaque
394 2597 501 2650 pugnae
520 2588 691 2651 competeret

36 2652 307 2719 ›pprinrerenturque
325 2650 450 2718 quidam,
472 2653 580 2705 onerati
600 2652 691 2718 tnagis

39 2721 121 2775 tecti:
144 2726 173 2772 et
185 2721 284 2772 eratin
296 2727 376 2773 tanta
388 2723 507 2791 caligine
522 2722 614 2774 maior
623 2735 690 2771 usus

37 2805 82 2843 um
93 2790 248 2842 oculorum.
265 2791 305 2843 Au
318 2792 439 2860 gemitus
450 2794 594 2846 vulnerum
605 2793 689 2841 ictus·

38 2867 164 2913 saniant
174 2875 329 2925 urniorum,
350 2868 379 2915 ot
390 2864 495 2915 mixtos
506 2860 688 2928 strepentium

36 2944 100 3053 uiue
112 2930 259 2986 clamores.
276 2933 506 2986 circumferebant
518 2946 570 2982 ora
580 2928 688 2979 oeulos·

36 3042 39 3051 .
65 3000 193 3069 ugientes
209 3003 391 3069 pugnantium
405 3002 491 3071 globo
507 2999 582 3051 iiiuti
593 2998 688 3049 haere·

36 3084 59 3127 m
78 3069 227 3128 redeuutes
245 3073 409 3143 inpugnans
424 3070 571 3126 auertebat
584 3067 694 3136 tugien-
