1762 3486
76 490 149 542 Lra.
160 487 245 540 XXI.
263 489 336 541 Car.
348 485 390 540 35.
401 487 445 540 eu.
465 488 507 554 [U.
520 487 549 539 C.
560 491 619 543 534.
631 489 663 538 A.
677 488 706 540 C.
719 491 787 555 urbi
816 491 865 540 277

10 571 37 685 il
61 593 198 663 quodam,
219 592 292 644 unde
304 593 498 660 lengeaclate
508 599 671 659 prospectus
684 601 758 653 erat,
780 571 867 641 censi-

20 671 27 719 ¹.-
60 672 134 716 stere
149 661 237 715 iussis
248 662 382 714 militibus
392 662 503 715 ltaliam
514 668 652 725 ostentat,
671 662 869 726 subiectosque

10 758 21 789 a
61 733 171 800 Alpinis
182 732 325 784 meatibus
333 731 566 798 Circumpadanos
574 746 699 799 campos:
711 730 869 796 moeniaque

10 810 30 859 ai
62 818 102 854 eas
112 813 175 855 tum
184 804 375 857 uumessders
385 820 439 855 nea
449 800 550 855 ltaliae
560 803 651 866 mede,
672 802 718 853 ted
728 800 811 852 etiam
823 817 866 850 ur·

10 892 30 929 ru
62 869 101 925 dt‘t
109 870 262 925 Bonam.
298 869 398 925 Cetera
403 874 500 939 platta,
511 871 647 939 proclivia
652 872 733 942 fere:
746 888 806 931 sisto,
818 879 866 919 aret

15 961 31 997 u
63 942 292 995 summatem
304 941 412 1010 proelio
423 957 513 995 arcent
523 948 550 993 et
561 951 644 1009 caput
656 941 755 994 ltaliae
772 938 798 990 in
813 955 867 988 ›rra-

10 1031 31 1067 u
63 1026 99 1065 aa
115 1026 149 1065 se
164 1019 305 1079 potestate
324 1010 477 1064 habiturus.
511 1009 666 1062 Procedere
687 1011 752 1060 iude
769 1025 866 1075 aginen

10 1090 31 1135 r.
64 1080 172 1148 tuepit3
191 1080 248 1131 iam
258 1078 330 1132 nihil
339 1097 375 1134 ne
384 1080 511 1133 hostibus
522 1079 648 1147 quidem,
661 1085 772 1146 praeter
783 1094 868 1145 parra

10 1170 31 1206 st
63 1146 149 1201 lurta'
162 1164 214 1217 per
233 1150 421 1215 occasionem,
450 1150 630 1202 tentantibus.
666 1150 794 1200 Ceterum
815 1151 869 1197 iter

64 1218 160 1279 multu,
176 1233 260 1287 quam
270 1218 300 1269 in
311 1233 428 1271 ascensu
437 1218 540 1282 luerat,
561 1222 604 1283 (ut
613 1218 745 1286 pleraque
756 1217 866 1283 Alpium

10 1295 16 1303 “
63 1286 714 1352 abitaliameutbreviurmitaarrectiorasunt)
728 1286 868 1337 difficilius

65 1356 125 1410 luit.
160 1356 260 1408 (imnis
270 1356 343 1409 euim
353 1356 442 1410 ferme
452 1357 499 1409 via
511 1372 656 1425 praeceps,
678 1367 808 1424 urrgusta,
828 1356 868 1406 lu·

64 1424 140 1478 brien
153 1432 229 1479 erut:
251 1432 285 1478 ut
302 1442 391 1494 aeque
408 1428 546 1480 sustinere
561 1442 591 1478 se
607 1443 623 1478 a
639 1427 717 1492 lapsu
739 1432 868 1492 ptissent3

10 1514 22 1545 ·.
64 1510 121 1559 uee,
133 1495 184 1563 qui
193 1495 349 1562 paullulum
359 1497 538 1558 titubassent,
549 1494 664 1549 haerere
676 1495 773 1546 aillieti
787 1496 868 1544 resti·

10 1584 15 1617 t
64 1565 108 1630 gio
119 1580 187 1684 {usq
207 1565 310 1633 aliique
322 1581 404 1633 super
415 1565 500 1629 alius,
520 1571 549 1618 et
559 1567 681 1618 iumenta
692 1572 720 1616 et
732 1565 867 1625 besanes,

64 1634 121 1686 aeci
141 1640 233 1685 erent.

72 1744 77 1751 .
111 1701 244 1756 xxxvl.
271 1701 392 1755 Ventum
408 1700 507 1757 deiude
524 1704 559 1757 ad
574 1703 663 1756 multe
681 1703 866 1769 angustiorem

64 1786 168 1840 rupem,
183 1778 269 1839 utque
278 1772 320 1824 itu
328 1773 413 1825 rectis
425 1776 510 1838 saxis,
524 1780 556 1825 ut
567 1789 649 1842 aegre
662 1772 806 1839 expeditus
820 1771 867 1820 mi-

62 1840 102 1894 les
121 1840 323 1904 tentabundus,
345 1842 526 1911 manibusque
548 1847 670 1895 retinens
692 1841 814 1907 virgulta
836 1856 869 1889 uc

62 1911 165 1977 stirpes
176 1912 252 1963 eirca
261 1910 426 1975 eminentes,
443 1913 590 1965 demittere
601 1929 662 1964 sese
673 1917 776 1980 posset.
813 1908 868 1959 Na·

62 1986 126 2032 tura
135 1979 216 2031 loeus
228 1983 284 2033 ium
295 1987 359 2032 aute
371 1994 512 2046 praeceps,
524 1983 631 2034 retenti
642 1983 722 2045 lapsu
734 1986 826 2029 terrae
838 1980 866 2027 in

61 2048 163 2169 redunt
186 2049 263 2100 mille
282 2048 431 2099 admodum
451 2048 624 2101 altitudinem
646 2051 781 2112 abruptus
798 2054 866 2098 erat.

73 2118 101 2170 bi
112 2132 211 2184 quum,
233 2115 353 2168 velutad
364 2117 445 2166 linem
457 2118 529 2176 riae,
544 2115 653 2180 equites
666 2119 867 2175 curistitissent,

62 2186 176 2239 miranti
185 2185 353 2245 Hannibali,
375 2198 500 2250 quaeres
512 2193 669 2236 moraretur
680 2200 788 2250 sagunen,
802 2200 867 2235 nun-

10 2260 13 2325 ζ
61 2258 158 2317 uetur,
169 2269 267 2321 rupem
277 2253 379 2304 iuriam
391 2267 460 2304 esse.
484 2252 636 2322 Digressus
648 2253 747 2305 deinde
760 2256 819 2319 ipse
832 2255 866 2306 ad

60 2322 154 2377 lutum
164 2323 320 2375 visendum.
355 2321 438 2373 Haud
450 2322 534 2373 dubia
545 2338 589 2373 res
599 2321 668 2383 risu,
688 2323 755 2388 quin
768 2339 817 2387 per
827 2324 866 2372 in·

10 2442 13 2449 .
60 2394 106 2445 ria
117 2393 196 2447 eirea
204 2406 256 2443 uec
266 2389 335 2442 trita
346 2397 437 2453 autea,
448 2392 573 2457 quumvis
584 2391 668 2457 lungo
681 2392 796 2453 ambitu,
816 2393 866 2441 cir·

60 2454 242 2515 eumduceret
253 2475 362 2528 agmen.
398 2460 440 2511 Ea
452 2476 518 2513 veto
530 2457 576 2512 vlu
589 2461 785 2527 insuperabilis
802 2461 864 2512 fuit.

60 2530 229 2597 Numquam
244 2544 327 2595 super
342 2534 463 2581 veterem
480 2531 571 2583 nivem
581 2529 715 2582 intactum
727 2547 798 2582 nova
810 2547 866 2581 lno-

60 2600 140 2653 dicae
152 2598 307 2651 altitudinis
318 2605 400 2660 esset,
413 2599 490 2650 molli
502 2615 552 2652 nec
561 2601 703 2666 praealtae
715 2601 770 2650 nivi
782 2601 866 2651 facile

59 2668 148 2739 pedes
158 2668 378 2736 ingredientium
390 2667 565 2721 insistebant.
601 2671 637 2722 Ut
647 2685 712 2721 vero
724 2676 767 2726 tet
780 2669 867 2720 homi·

57 2753 125 2791 ιιι
134 2738 378 2806 iumentorumque
389 2737 498 2790 incessu
510 2738 620 2805 dilapsa
631 2745 683 2802 est,
705 2753 755 2806 per
765 2738 865 2788 nudam

56 2806 144 2861 mira·
154 2806 274 2889 glaciem
289 2805 475 2875 fluentemque
492 2809 583 2861 tabem
605 2808 785 2876 liquescentis
798 2808 868 2856 nivis

57 2876 297 2947 ingrediebantur.
333 2878 439 2930 Taetrs
451 2878 491 2931 ibi
502 2878 622 2935 luctatis
635 2882 755 2940 erat,ut
764 2875 873 2927 allisis

59 2962 92 2999 es
121 2945 200 3005 lacte,
213 2960 265 2995 uon
274 2946 425 3012 recipiente
435 2951 606 3021 vestigium,
616 2958 646 3006 et
654 2953 690 3002 in
697 2961 795 3016 bremt
811 2944 877 2993 extu

46 2963 138 3079 penda
150 3010 282 3066 tblleute:
304 3022 348 3083 et,
370 3032 422 3072 seu
441 3025 583 3079 munibus
599 3024 635 3080 iu
652 3013 852 3084 assurgendo
870 3034 876 3050 1
