1868 2946
28 39 167 63 nonnus
185 39 367 64 var-wosn-
390 39 693 81 [υιυοῦϋυιῆιυοῖωο]
715 39 779 71 Ἦν,

22 114 95 161 etore
108 110 197 172 urbis,
215 111 263 160 Cn.
275 112 378 178 Pupius
394 117 423 162 ct
433 110 468 162 K.
479 109 625 172 Quinctius
636 109 766 160 Flamini·

34 177 133 230 aedorn
145 179 174 229 in
184 194 248 231 arce
258 179 416 233 faciendam
427 180 598 231 locaverunt.
616 178 656 229 nb
668 177 765 230 eodeni

22 253 94 300 etore
105 261 140 298 ex
151 251 394 302 senatusconsulto
405 249 504 300 literae
515 248 551 300 ad
566 247 692 299 consules
703 247 768 299 mis·

30 321 72 378 ut,
84 317 109 366 si
120 316 156 367 iis
165 317 322 383 rideretur,
337 320 409 372 alter
419 333 513 370 eorum
526 316 561 368 ad
573 317 701 369 consules
712 331 768 368 cre-

22 400 52 439 os
64 385 182 437 Romam
192 387 312 440 veniret:
333 405 363 441 se
373 389 402 440 in
414 403 475 440 carn
487 387 569 448 diem,
584 402 664 452 quani
675 385 767 436 iussis·

22 473 38 517 ι,
58 454 173 506 comitia
182 455 346 510 edicturum.
382 457 423 509 nd
438 456 506 508 haec
521 471 539 506 a
550 455 706 507 consulibus
729 469 771 504 re,

22 529 114 590 ptum,
137 523 201 578 Sine
220 526 385 581 detrimento
405 525 570 595 reipublicae
589 524 697 577 abscedi
715 540 768 576 non

22 610 39 645 e
49 592 83 644 cb
93 592 178 646 berte.
204 592 305 664 Itaque
311 612 364 664 per
375 596 540 665 interregem
552 592 663 647 comitio
672 592 769 646 beben·

22 677 71 715 ωε
82 662 193 730 potius,
213 679 293 732 quum
309 668 447 721 emulum
458 668 529 717 aiter
539 681 557 716 a
569 662 635 716 bello
645 679 769 716 neocore-

48 730 179 784 Patribus
188 735 291 786 rectius
301 735 390 787 risurn
401 741 454 797 est,
470 733 636 786 dictatorem
647 747 664 783 a
674 747 770 784 oonsu-

22 799 70 853 lici
89 801 265 855 comitiorum
285 804 589 858 habendorumcausa.
624 801 725 854 Dictus
735 800 768 852 L.

22 869 101 922 urias
120 869 203 923 Philo
224 873 272 926 Μ’.
292 874 476 942 Pomponium
495 870 659 924 Mathonem
681 870 770 938 magi·
793 902 796 908 -

22 954 54 991 ‚nr
66 940 188 1006 equitum
200 941 280 995 uixit.
309 944 363 996 His
372 944 442 996 vitio
453 943 563 1004 creatis,
573 941 712 1009 iussisque
722 940 768 990 die

22 1015 67 1061 rto
82 1009 192 1130 deciffilo
209 1028 239 1065 se
254 1013 422 1082 magistratu
438 1012 583 1076 abdicare,
602 1009 638 1063 nd
651 1011 766 1064 interne

22 1092 104 1130 mres
114 1094 144 1132 re
166 1080 206 1133 ''t.

22 1146 146 1201 xxxlv.
173 1150 341 1207 Consulibus
360 1157 544 1219 prorogatum
561 1150 591 1202 in
606 1162 705 1200 annum
717 1149 767 1199 inr-

22 1232 84 1268 urn.
118 1217 275 1289 Interreges
289 1221 397 1288 proditi
413 1220 569 1273 aPatribus
584 1219 614 1269 c.
626 1217 768 1276 claudius,

26 1287 113 1350 filius,
124 1287 245 1354 Centb03
263 1290 327 1342 inde
339 1289 369 1343 Ρ.
381 1290 525 1344 cornelius
535 1287 629 1341 Asina.
666 1287 697 1340 ln
708 1285 769 1338 eius

22 1371 126 1438 rrcguo
144 1359 257 1410 comitia
274 1357 371 1411 babitu
380 1375 480 1428 magno
493 1356 645 1412 certamino
654 1354 769 1434 Patrurn

22 1425 110 1478 nobis.
147 1429 176 1480 G.
188 1429 322 1480 Terentio
333 1428 464 1492 Varroni,
484 1441 575 1496 quern,
595 1426 640 1476 sui
659 1438 768 1494 genens

22 1495 120 1556 rinern,
141 1496 232 1562 plebei
252 1498 438 1552 insectatione
451 1497 607 1566 principum
628 1493 768 1562 populari-

22 1580 71 1632 puc
81 1565 189 1616 artibus
201 1567 387 1631 conciliatum,
399 1569 433 1621 ab
446 1567 479 1630 Q.
489 1566 570 1619 Fabii
582 1564 679 1631 opibus
690 1571 718 1614 et
729 1561 768 1612 di·

24 1632 86 1684 orio
109 1633 228 1701 imperio
244 1638 387 1687 concussis
401 1637 494 1688 aliena
509 1633 614 1685 invidia
625 1632 768 1701 splenden-

22 1740 30 1768 ,
48 1702 148 1771 vulgus
164 1709 192 1755 et
204 1705 352 1758 extrahere
368 1704 596 1759 commulatum
616 1705 768 1759 nitebatur,

22 1789 61 1826 res
71 1788 180 1826 surnrna
195 1788 247 1841 ope
259 1775 424 1837 obstabant,
444 1790 479 1827 ne
493 1789 524 1826 se
540 1771 704 1823 insectando
714 1769 767 1820 sibi

22 1843 81 1893 nari
100 1852 291 1897 assuescerent
312 1844 447 1899 homines.
485 1843 518 1905 Q.
531 1840 768 1894 BaebiusHeren·

22 1926 25 1959 ι
35 1911 165 1963 tribunus
176 1914 276 1980 plebis,
289 1919 423 1984 cognatus
435 1915 464 1966 c.
475 1910 610 1972 Terentii,
622 1908 768 1961 criminan-

22 1994 67 2029 ron
78 1987 203 2033 senatum
215 1985 308 2046 modo,
330 1983 379 2035 sed
390 1982 474 2035 etiam
485 1994 619 2047 augures,
640 1978 715 2046 quod
728 1976 769 2028 di·

22 2063 102 2101 orenr
114 2049 318 2116 prohibuissent
334 2051 451 2104 comitia
465 2050 613 2118 perfluere,
636 2063 684 2115 per
697 2046 767 2099 invi·

22 2134 38 2169 n
50 2133 146 2170 eorum
157 2121 280 2175 favorem
299 2121 448 2175 candidato
460 2135 510 2172 suo
521 2118 695 2171 conciliabat.
724 2114 767 2168 At

22 2187 116 2242 *initus
126 2191 272 2255 nobilibus,
288 2208 339 2261 per
354 2194 451 2245 multos
470 2205 554 2243 annos
574 2189 670 2241 beilum
687 2201 765 2253 quae·

22 2258 94 2322 ibus,
104 2257 286 2314 Hannibalem
295 2261 441 2317 {titatium
452 2261 609 2313 adductum:
620 2257 653 2309 nb
663 2256 765 2315 iitdern,

22 2344 47 2380 m
59 2327 188 2381 debellari
197 2330 302 2397 possit,
318 2331 424 2402 froude
434 2330 466 2383 iu
476 2330 570 2382 bellum
583 2327 666 2380 trahi.
700 2322 772 2374 Cani

22 2398 249 2451 ttuormib'toml
282 2400 389 2453 ionibus
399 2399 537 2454 universis
557 2393 689 2468 pugnari
706 2402 791 2458 pum

22 2466 168 2529 erriueeo,
182 2419 304 2534 quadis.
317 2469 477 2540 Minucius,
491 2472 613 2528 absente
626 2461 809 2527 rubranti·

22 2547 207 2604 'maduere
226 2542 297 2597 duas
310 2545 441 2619 legiones
460 2543 544 2605 trosti
564 2541 603 2597 nd
620 2531 743 2589 scetem
752 2519 822 2571 abac
