1762 3486
226 44 447 112 transgressique
467 42 496 93 in
517 48 611 95 castre
630 48 827 110 pervenerunt.
860 42 875 95 l

226 115 338 176 mixtus,
349 120 378 165 et
389 112 602 165 intoleranda
576 128 619 163 vis
630 111 760 180 frigoris,
780 116 811 163 ct
828 108 866 163 ho

226 191 280 244 tos,
302 187 331 234 et
340 183 472 245 1umento‚
497 188 525 236 et
535 180 696 248 elephantos
707 196 794 249 prope
806 194 874 233 omn

227 252 291 320 psit.
327 252 406 303 rino
427 252 589 320 insequendi
606 251 694 303 hostis
705 252 807 304 Poenis
819 250 877 302 flun

227 322 294 374 fuit:
318 327 347 372 et
362 322 405 372 ita
419 328 563 387 torpentes
579 322 642 390 gelu
660 323 689 372 in
700 328 792 373 castro
801 321 881 374 redi

228 390 366 443 laetitiam
389 392 526 444 victoriae
552 393 697 444 sentirent.
731 391 833 457 ltaque
858 407 877 441 n

227 458 766 527 quent1‚quumpraes1d1umcastrorum,
775 469 805 511 et
813 474 881 525 quo

227 545 263 582 ex
273 544 373 597 magna
383 536 464 596 parte
474 531 596 583 militum
607 536 678 590 erut,
691 528 799 579 ratibus
810 531 881 582 'l'rre

228 605 332 661 cenent,
353 606 401 650 aut
416 597 488 651 nihil
507 613 631 660 sensere,
653 599 833 664 obstrepente
847 599 878 665 pl

228 670 294 739 quio
311 672 367 720 ium
381 669 489 719 moveri
504 683 573 736 prae
591 667 759 719 lassitudine
769 668 874 751 nequib

228 740 348 802 neribus,
364 739 469 790 sentire
480 754 541 789 sese
553 736 775 789 dissimularunt.
796 738 866 805 quie

229 810 279 872 nis,
291 809 378 861 tocito
391 807 501 875 ugmine
513 808 547 859 ob
558 806 688 874 Scipione
700 806 816 858 consule
827 822 880 860 exe

229 879 349 931 centium
366 885 409 930 est
423 877 583 944 perductus.
604 875 668 928 inde
682 875 760 927 Pedo
775 877 881 929 truiec·

229 963 305 1011 nom,
327 963 362 1000 ne
379 947 497 1001 duorum
518 946 692 999 exercituum
712 945 840 999 hibernis
854 962 874 999 u

228 1024 409 1083 premeretur.

278 1082 365 1138 LVI}
376 1087 495 1137 Romam
505 1091 600 1139 tantus
610 1090 703 1138 terror
713 1099 747 1138 ex
756 1082 810 1137 hac
822 1086 881 1139 clo

229 1161 280 1218 est,
290 1156 341 1206 ut
332 1170 389 1206 mm
399 1157 436 1207 ad
445 1158 541 1209 urbem
548 1155 693 1208 crederent
702 1154 852 1206 infestis·
827 1171 855 1207 ει

230 1231 389 1290 venturum3
411 1226 621 1293 necquicquam
636 1225 698 1291 spei
713 1229 761 1276 out
772 1225 875 1277 auxilii

229 1297 318 1362 portis
339 1296 539 1363 moenibusque
557 1295 615 1347 vim
630 1300 766 1346 urcerent.
804 1292 867 1348 Uno

232 1365 358 1419 Ticinum
369 1366 449 1444 picto,
459 1368 547 1419 altero
558 1381 592 1418 ex
604 1363 702 1444 timia
713 1373 851 1428 revocato,
871 1395 881 1406 ιι
