1868 2946
38 146 113 200 Lis.
123 142 215 197 vill.
234 144 308 197 cir.
320 143 363 199 38.
374 142 419 199 39.
440 143 485 213 [U.
497 145 526 198 C.
536 148 596 201 432.
605 144 637 200 Α.
647 146 677 200 C.
688 148 759 217 320]
782 148 804 201 lt

26 251 97 321 equis
108 249 271 311 insidentes,
282 266 370 314 reret,
381 250 474 316 quidm
480 252 591 323 ferrum
602 249 632 303 in
644 268 725 303 mann
736 254 781 317 sit,
791 254 812 307 is

26 322 129 376 reniet:
152 334 286 400 equosque
296 321 358 370 dum
367 322 475 387 praeda
484 331 607 382 onerarat,
618 323 700 373 caede
710 322 818 374 inertiam

26 400 220 455 cruentamque
229 389 285 441 ntis
292 391 426 457 praedam
436 390 527 441 redde.
545 389 617 441 Mili
628 390 747 459 legiones
754 393 820 457 pedi

26 470 133 528 lemque
139 474 239 528 pugna
248 475 333 511 esrae
338 468 433 511 munt:
439 467 554 527 peneste
562 470 686 527 equestre
695 460 733 511 tit
741 462 827 513 decus.

72 528 208 581 XXXIX.
234 528 369 595 Equitum
380 529 464 591 acies,
475 528 566 595 qualis
576 545 647 596 quae
658 544 718 580 esse
729 529 831 580 instru-

26 599 150 651 ctissima
158 602 270 663 potest,
291 599 404 650 inrecta
418 598 447 648 in
461 598 610 664 dissipatus
626 599 831 665 impeditosque

26 669 133 730 instes,
152 666 239 718 caede
251 668 347 719 omnin
356 667 456 733 replet.
490 668 567 719 later
577 669 700 720 sarcinas
711 669 830 720 emissas

26 744 147 805 tepentc2
164 734 325 789 obiacentes
336 736 452 803 pedibus
465 735 629 804 fugientium
641 743 831 789 ennsternatn·

26 822 138 874 umque
148 820 297 873 equorum,
319 821 408 873 neque
424 820 545 873 pugnae,
564 821 653 872 neque
664 805 749 873 fugae
759 808 830 857 setis

26 882 167 946 potentes,
189 874 351 927 caeduntur.
387 876 469 937 'l'um‚
492 875 586 926 deleto
600 890 687 941 prope
702 875 830 943 equitatu

26 946 155 1007 testium,
166 943 207 996 Μ.
217 943 331 1007 Fabius,
343 944 540 995 circumductis
551 945 706 1011 paullulum
718 945 782 1007 alis,
794 945 830 995 ub

26 1026 101 1083 terge
111 1012 272 1081 pedestrem
283 1012 371 1063 aciem
382 1011 518 1064 aduritur.
543 1013 656 1064 Clamor
666 1013 731 1066 inde
741 1030 830 1065 riorus

26 1084 153 1137 incidens
168 1088 198 1133 et
214 1080 380 1133 Samnitium
396 1082 495 1134 terruit
510 1083 634 1147 animus3
653 1091 680 1135 et
697 1083 829 1145 dictator,

26 1155 69 1207 lui
84 1157 281 1218 respectantes
291 1150 413 1202 hostiurn
428 1150 639 1220 antesignanus,
660 1155 831 1219 turbataque

26 1224 110 1291 tigna,
121 1218 339 1273 etlluctuantem
348 1221 434 1272 aciem
445 1220 526 1283 uidit,
538 1227 598 1272 tum
608 1222 759 1289 appellare,
770 1227 830 1272 tuni

26 1292 173 1346 idnertari
182 1289 298 1353 milites,
307 1290 433 1341 tribunos
442 1291 634 1358 principesque
643 1292 771 1342 ordinum
783 1307 830 1341 nt)-

26 1358 150 1414 ninatim
162 1359 199 1411 ad
208 1359 364 1411 iterandam
375 1376 468 1412 secum
480 1375 599 1427 pugnam
610 1375 719 1412 vocare.
738 1361 830 1411 Nora-

34 1448 53 1483 ο
61 1430 198 1492 clamore,
208 1430 290 1497 signa
300 1429 471 1481 iniciuntur:
483 1436 520 1492 et,
529 1430 660 1497 quicquid
671 1430 830 1496 progredie-

39 1508 138 1560 antur,
157 1499 248 1565 magis
259 1500 403 1566 magisque
416 1501 544 1550 turbatos
559 1498 656 1550 hostes
672 1496 831 1550 cernebant.

39 1572 116 1637 'ques
131 1569 193 1635 ipse
209 1570 264 1619 iam
281 1569 378 1634 primis
390 1574 450 1618 erat
461 1569 489 1617 in
505 1573 669 1633 conspectu:
692 1574 720 1619 et
731 1570 832 1620 Corne·

44 1654 92 1701 us,
112 1638 267 1704 respiciens
282 1637 318 1699 ad
332 1636 489 1702 manipulos
501 1638 633 1699 miiitum,
653 1637 727 1705 quod
739 1653 831 1700 aranu,

49 1709 97 1760 iod
113 1722 185 1758 unce
206 1712 331 1772 poterat,
350 1706 541 1769 monstrabat,
562 1707 706 1758 vexillare
717 1722 830 1758 suorum

57 1792 191 1843 ratasque
203 1791 315 1828 cernere
327 1778 459 1842 equitum.
497 1776 578 1838 Quod
593 1777 640 1827 ubi
657 1776 782 1828 auditum
795 1779 830 1827 si-

59 1848 138 1915 ilque
152 1846 242 1895 risum
254 1851 311 1908 est,
332 1846 403 1897 adeo
419 1853 534 1912 repente
550 1847 669 1908 laberis,
691 1861 741 1913 per
757 1847 829 1897 diem

63 1933 110 1969 ene
126 1922 218 1966 tutum
234 1914 363 1977 tolerati,
383 1916 583 1984 munerumque
601 1917 685 1968 obliti
701 1923 778 1977 sunt,
800 1922 831 1966 ut

68 1986 94 2036 td
105 2000 200 2045 secus,
215 1999 296 2050 quam
307 1985 331 2036 si
343 1992 401 2036 tum
413 1985 516 2051 integri
527 2002 542 2037 e
553 1986 652 2036 castris
663 1987 770 2053 signum
784 2000 831 2050 pu·

76 2055 295 2120 eecce-piscem,
315 2055 513 2105 concitaverint
528 2071 557 2106 se
574 2055 602 2105 in
619 2054 735 2107 hostem.
773 2055 831 2105 Nec

78 2142 95 2177 a
106 2125 217 2176 Samnis
228 2124 350 2176 tolerare
361 2131 495 2175 terrorem
506 2126 641 2190 equitum,
651 2125 829 2191 peditumque

85 2194 191 2262 putuit:
214 2193 316 2260 partim
332 2194 360 2243 in
372 2193 462 2245 medin
475 2194 564 2256 caesi,
583 2195 723 2260 partimin
735 2195 828 2265 fugam

85 2264 152 2331 'pati
163 2270 237 2315 sunt.
274 2262 364 2314 Pedes
379 2270 517 2315 restantes
530 2279 563 2314 ae
573 2265 775 2316 circumventos
788 2280 830 2315 ce·

92 2352 101 2384 2
122 2334 159 2385 ab
173 2333 268 2400 equite
283 2332 449 2400 fugientium
461 2340 569 2399 strages
586 2341 628 2385 est
643 2333 734 2397 iaeta3
754 2334 828 2384 inter

107 2410 136 2455 et
156 2404 217 2470 ipse
233 2403 387 2468 imperator
403 2403 512 2454 cecidit.
549 2403 613 2454 linc
624 2404 733 2454 deinum
748 2418 827 2468 proc·

99 2472 268 2525 Samnitium
280 2487 325 2524 res
337 2473 378 2524 ita
386 2473 510 2540 infregit,
520 2479 551 2525 ut
563 2473 692 2525 omniltus
703 2471 833 2525 cenciiiis

106 2550 179 2603 rent,
192 2542 302 2594 rninime
312 2542 454 2611 mquidem
464 2546 568 2602 mirum
580 2564 647 2613 esse,
658 2547 681 2602 s't
690 2543 782 2613 impin
792 2542 850 2591 ltet-

109 2612 302 2690 valsaspem
309 2627 447 2685 suscepto,
458 2618 670 2698 insanorum
681 2616 791 2676 „terito
807 2609 867 2662 diis

114 2679 248 2745 nmttntbus,
260 2681 487 2766 mbilprespere
501 2709 648 2774 agerem·
677 2682 883 2761 Expinnduni

881 2811 907 2838 A
