1868 2946
67 111 260 169 lunxxll.
280 114 405 167 cunm.
416 113 458 168 30.
478 115 778 184 [U.C.555.A.C.217.]
799 116 849 171 3111

41 217 134 270 caesis
147 214 222 276 aliis,
242 213 306 266 aliis
317 213 612 281 circumspectantibus
622 213 730 283 sogam,
751 215 849 267 Fnbio·

40 302 77 339 na
87 300 120 337 se
130 283 208 337 ecies
218 288 341 351 repente,
352 284 429 335 velut
441 285 520 336 coelo
532 284 659 346 demisso,
670 284 706 334 ud
717 284 849 335 auxilium

41 353 177 407 ostendit.
212 354 321 420 ltaque,
332 354 491 420 priusquam
502 353 538 404 ad
549 354 702 405 coniectum
715 353 766 405 toli
776 354 840 406 veni

43 429 97 487 ret,
118 427 168 476 aut
179 437 291 473 manum
304 429 472 483 consereret,
489 427 517 473 ct
529 437 593 472 suos
603 438 620 472 a
630 422 698 491 fuga
708 421 808 484 effusa,
820 429 848 473 et

45 494 79 546 eb
92 492 177 543 nimis
191 489 281 543 feroci
295 505 387 559 pugna
397 489 491 542 hostcs
503 491 648 543 continuit.
685 492 740 555 Qui
750 490 849 543 solutis

46 561 192 614 ordinibus
203 574 274 629 roge
285 560 412 627 dissipati
424 567 512 622 erunt,
532 560 654 626 undique
665 560 850 626 confugerunt

47 631 84 684 ed
92 631 234 697 integram
244 629 346 693 aciem3
357 629 404 696 qui
414 630 508 696 plures
520 629 604 679 simul
615 636 696 698 terga
706 629 849 691 dederant,

46 699 172 753 conversi
184 699 211 749 in
227 696 352 762 hostem,
366 698 564 766 volventesque
578 700 686 761 orbem,
707 713 780 750 nunc
791 714 839 749 son

47 770 98 821 sisu
108 767 215 820 referre
226 766 334 834 pedem,
345 783 417 819 nune
427 766 588 835 conglobati
598 772 713 821 restare.
744 769 783 819 Ao
793 768 849 819 iam

47 852 133 906 prope
144 852 202 888 una
212 836 286 889 scies
297 836 372 889 locta
381 843 442 889 emt
451 837 519 889 victi
532 843 614 904 atque
627 837 733 904 integri
746 839 846 889 exerci-

47 918 99 971 tus,
110 905 324 973 inferebantque
334 908 414 974 sigua
423 907 453 957 in
461 904 583 970 bostrm3
595 920 679 972 quum
689 905 798 961 Poenus
808 920 846 958 re

47 976 140 1045 coptui
152 976 260 1038 cecinit,
275 975 367 1041 palam
379 975 486 1029 ferento
495 975 663 1038 Hannibale,
673 975 707 1027 ab
718 991 749 1028 se
759 976 850 1027 Miuu-

46 1048 134 1110 cium,
155 1044 434 1098 seaFabiorictum.
470 1046 692 1112 ltcperrariam
708 1045 849 1096 fortunam

47 1115 104 1168 diei
114 1113 222 1165 maiore
231 1120 314 1180 parte
324 1121 431 1177 exacta,
441 1129 524 1183 quum
535 1115 564 1165 ln
576 1121 668 1169 castro
677 1115 798 1168 reditum
808 1130 850 1167 es-

45 1191 98 1247 set,
118 1183 268 1244 Minucius,
288 1183 446 1235 convocatis
456 1184 608 1248 militibus,
630 1184 717 1252 Saepe
728 1201 790 1253 ego,
809 1184 849 1234 in·

44 1255 114 1321 quit,
124 1250 224 1315 audiri,
235 1249 343 1317 militer,
364 1267 424 1304 erun
431 1252 552 1321 primam
563 1270 617 1307 esre
627 1253 722 1315 ciram,
732 1253 780 1321 qai
790 1252 848 1320 ipre

45 1324 178 1384 consulat,
187 1321 254 1387 qnid
261 1321 291 1375 in
301 1337 358 1374 rem
366 1320 404 1373 eit
411 1338 422 1382 ,·
430 1322 573 1377 secundam
583 1340 651 1386 ατη,
664 1323 710 1391 qni
721 1323 784 1374 bene
795 1339 848 1373 ma-

45 1392 122 1448 nenti
131 1391 255 1444 obediat.-
265 1390 313 1456 qni
320 1407 369 1443 net
378 1390 434 1459 ipre
446 1393 591 1454 consulere,
600 1409 649 1446 nec
658 1392 741 1444 alteri
747 1406 848 1457 parere

45 1462 127 1525 scint,
141 1477 200 1514 enm
211 1459 326 1513 extremi
334 1460 440 1531 ingenii
450 1476 514 1514 eree.
532 1458 614 1513 Nobis
623 1459 848 1527 qaorrinmprimo

44 1530 131 1585 animi
146 1528 302 1600 ingeniique
317 1539 418 1600 negata
433 1546 492 1585 erre
506 1536 563 1593 est,
584 1532 728 1583 secandam
743 1546 777 1581 ac
796 1545 848 1581 mr-

44 1602 121 1655 diam
136 1608 287 1653 teneamus:
310 1609 344 1662 el,
364 1601 425 1653 dnm
445 1599 582 1670 imperare
596 1600 731 1664 dircirnos,
751 1616 848 1668 parare

42 1669 177 1740 prudenti
194 1669 224 1722 in
238 1668 357 1721 animum
370 1669 539 1723 inducamur.
578 1667 678 1722 Castro
689 1686 748 1723 curn
759 1668 847 1721 Fabio

42 1742 206 1810 iungamus:
223 1739 439 1806 adpraelorinrn
448 1740 505 1792 eius
514 1739 593 1809 signa
604 1756 683 1809 qaum
696 1738 847 1795 tulerimus,

42 1809 92 1864 sebi
101 1824 152 1879 ega
158 1824 218 1861 earn
224 1814 366 1874 parentem
376 1812 559 1877 appellavero,
569 1812 641 1876 qnod
651 1808 778 1878 beneficio
791 1807 847 1857 eins

41 1894 112 1949 erga
122 1893 169 1931 noe
180 1894 214 1930 ae
224 1875 368 1930 maiestate
382 1877 440 1931 eius
456 1879 567 1948 dignum
579 1887 636 1940 αις
657 1894 716 1939 ror,
737 1875 847 1935 militer,

39 1964 97 2012 eae,
113 1948 226 2015 querani
237 1961 282 1999 coe
294 1949 372 2000 modo
383 1964 462 2001 arma
472 1950 637 2017 dextraeque
648 1952 784 2007 texerunt,
801 1958 848 2009 pn-

39 2026 144 2072 tronos
155 2014 325 2079 salutabitis,
344 2024 380 2079 et,
402 2016 506 2071 droibil
516 2017 601 2079 aliud,
617 2025 764 2087 gratorum
775 2023 849 2067 rcrrr

38 2086 119 2146 neiis
131 2085 283 2139 animorum
295 2085 415 2155 gloriam
426 2086 482 2139 dies
492 2084 558 2140 iaec
567 2086 681 2140 dederit.

97 2155 187 2207 XXX.
201 2154 286 2223 Signo
298 2154 374 2217 dato,
386 2155 576 2207 conclamatur
586 2155 659 2219 iude,
671 2161 702 2207 ot
713 2153 837 2223 colligar

37 2236 92 2281 tor
102 2239 181 2276 vasn.
216 2223 341 2276 l'rolecti
351 2231 378 2277 et
390 2224 498 2292 agmine
512 2225 670 2279 incedentes
681 2223 716 2276 od
727 2224 845 2276 dictnto-

36 2298 81 2353 ris
93 2299 188 2346 castra
197 2293 227 2345 in
235 2293 448 2347 admirationem
459 2300 488 2348 et
502 2297 510 2345 i
531 2310 604 2357 sum,
625 2301 654 2346 et
668 2309 777 2356 omnes,
801 2291 848 2358 qui

36 2366 120 2421 eirca
138 2368 232 2427 erunt,
254 2370 459 2417 converterunt.
521 2365 848 2416 teonstitutasuntanto

36 2430 166 2491 tribunal
177 2431 272 2499 signo,
290 2447 454 2500 progressus
465 2439 528 2487 ante
543 2434 616 2485 ulios
627 2435 766 2501 ningisteu
777 2430 859 2493 eodu-

36 2514 117 2565 tom,
137 2517 219 2567 quum
229 2513 343 2569 patrem
357 2503 478 2558 Fabium
499 2505 701 2576 annullasset,
718 2492 880 2554 mucurisin·

36 2570 268 2637 msqucrm'litom
280 2571 341 2626 cios
357 2579 453 2631 toturn
466 2594 577 2651 agmen
592 2587 743 2649 patronos
758 2558 901 2644 eonem·

36 2642 125 2698 aare
133 2636 315 2712 Parentibus,
331 2647 443 2721 inquit,
462 2653 552 2725 meis,
569 2653 712 2709 dictetur
723 2680 736 2709 ,
749 2630 923 2707 (quibem
