1868 2946
315 39 353 62 UH
361 39 444 71 ΗΙΗΝ,
467 39 561 76 (Illum,
581 39 651 60 ”lem
672 39 735 59 vum
756 39 900 61 {tumulum

316 77 480 131 Flaiiainimn
490 79 524 129 ab
536 77 647 129 Arretio
659 78 762 131 Patres
773 77 932 132 accisoriae.

306 148 467 213 increpans,
480 162 562 214 quum
574 148 652 198 ocius
662 148 742 213 signa
753 147 875 198 convelli
884 149 929 199 iu·

313 218 343 268 in
355 232 453 283 equum
465 217 630 279 insiluisset,
652 233 738 283 equus
753 223 869 283 repente
884 233 918 269 co

289 286 295 299 ⁸
314 287 424 352 lemque
439 285 547 353 lapsum
561 301 644 352 super
661 293 744 354 caput
755 286 864 339 effudit.
899 289 926 339 Τ

307 357 379 425 ¹bns,
401 356 450 423 qui
461 358 537 407 cirea
547 362 640 418 erant,
659 356 736 407 velut
748 356 830 419 foeda
843 357 934 407 amin

314 425 374 488 rei,
394 426 508 493 insuper
523 425 681 487 nuntiatur,
702 425 825 493 signum,
847 428 925 477 omni

314 494 457 563 signifero,
481 495 600 547 convelli
609 495 734 561 nequire.
772 497 929 547 Conversus

315 564 389 617 Nam
404 565 500 618 literas
516 579 632 634 qaoque,
652 564 754 631 inquit,
775 565 809 617 ab
825 574 923 618 senatu

314 652 355 688 inc
364 651 422 687 rem
431 652 528 705 gerere
538 634 645 688 vetent?
664 634 725 697 Abi,
736 635 844 698 inantia,
856 635 929 701 sign

314 705 339 755 si
349 704 386 757 ad
399 706 598 759 convellendum
617 720 713 756 manus
731 720 803 771 prae
822 713 896 757 metu
930 729 934 749 ι

313 773 444 827 incedere
455 775 519 827 inde
531 789 630 841 agmen
642 774 748 840 eoepit3
759 774 913 840 primoribu

314 844 389 911 quaid
400 844 589 896 dissenserant
608 859 626 894 a
644 843 775 905 consilio,
796 844 905 895 territis

312 913 458 982 prodigam
478 913 568 964 milite
579 911 610 962 in
619 912 719 978 malgus
730 912 805 963 laeto
817 911 927 965 ferocia

312 998 390 1051 spem
401 984 491 1049 magis
501 983 599 1049 ipsam,
610 996 692 1048 quam
703 996 815 1033 causam
827 982 896 1049 spei,
907 1000 932 1035 ιι

365 1052 414 1107 1v.
435 1052 590 1113 Hannibal,
611 1050 685 1118 quod
697 1051 760 1118 agri
772 1057 815 1103 est
829 1052 906 1105 inter
925 1062 934 1099 ⁸

312 1122 378 1173 bem
389 1122 639 1187 Trasimenumque
649 1121 751 1182 laeum,
764 1122 840 1172 amni
851 1123 915 1174 clad
924 1156 934 1169 ,ι

313 1197 384 1253 stat,
403 1205 457 1258 qua
468 1194 557 1259 magis
568 1191 640 1242 inam
651 1188 727 1241 hosti
737 1190 772 1242 ad
784 1191 929 1245 vindicam

312 1260 429 1313 iniurias
445 1267 536 1312 acuat.
573 1260 610 1310 Et
624 1261 679 1311 iam
691 1267 875 1327 pervenerant
885 1262 922 1314 ad

313 1337 394 1394 nata,
413 1330 461 1382 uhi
476 1331 595 1381 maxime
610 1336 718 1381 montes
735 1331 924 1384 Cortonenses
