1868 2946
157 150 191 203 id
296 152 329 202 Τ.
345 150 386 202 Li
398 148 453 200 vil
483 150 527 217 [U.
540 151 569 200 C.
580 152 638 202 412.
658 150 690 201 A.
702 151 732 202 C.
745 151 815 219 340]

156 229 366 244 *nn—-

158 253 242 314 ictos,
264 251 320 302 sine
332 266 381 301 suo
390 249 512 316 pernicie
523 250 636 316 poterit.
672 249 726 302 Nos
738 249 830 302 deinde
841 251 932 322 atttfo

158 330 225 372 tuno
233 319 327 388 popuii
338 319 462 381 Ronmni,
475 329 525 370 ortt
535 329 628 372 neostra
639 318 725 370 virtus
738 320 867 386 expediet.
898 324 918 372 C

158 390 288 442 laudatus
300 391 332 440 ab
346 388 467 450 consule,
485 395 598 456 eccepto
609 389 759 454 praesidio,
779 388 858 440 radit
870 404 919 443 occ

158 466 204 510 tus
214 474 264 526 per
274 458 392 521 saltum3
413 473 463 509 nec
479 459 556 525 prius
570 459 604 509 ab
617 457 695 510 hoste
708 463 751 510 est
766 458 857 520 visus,
877 474 931 526 qua

158 528 230 590 loco,
251 543 331 595 quem
343 528 466 594 petebat,
483 528 725 595 appropinquavit.
761 526 828 580 Inde
839 527 930 579 admir

157 597 234 649 tione
245 598 535 664 paventibusoeunetis,
556 613 638 663 quum
649 596 770 648 omnium
781 597 809 646 in
820 612 850 648 se
860 599 931 650 verti

157 672 200 719 set
211 667 317 729 oeulos,
328 672 355 718 et
366 666 488 733 spatium
498 667 606 718 consuli
618 666 695 718 dedit
706 665 742 717 ad
751 665 930 718 subducendo

156 751 256 804 agmen
265 736 295 786 in
305 736 463 803 aequiorem
474 736 575 797 locum,
591 742 619 788 et
629 737 691 802 ipse
702 735 729 786 in
740 751 847 787 summo
859 750 925 787 cons

157 807 194 857 tit
205 806 319 858 vertice.
355 805 509 868 Samnites,
531 804 595 855 dum
608 803 661 856 huc
671 805 740 857 illue
750 806 830 872 signa
841 812 931 857 rentur

156 875 300 942 utriusque
309 875 351 927 rei
361 875 463 926 amissa
474 875 627 936 occasione,
642 890 731 941 neque
741 874 851 940 insequi
862 890 929 926 cons

156 944 219 1007 lem,
234 944 289 995 nisi
297 958 348 1011 per
358 944 472 996 eandem
484 942 594 1007 vallem,
610 945 639 995 in
650 959 703 1011 qua
713 944 809 1010 peullo
821 950 887 997 ante
898 960 929 995 su

155 1014 258 1071 iectum
269 1014 406 1066 eum-telis
418 1014 476 1063 suis
488 1010 650 1076 habuerant,
662 1017 793 1079 possunt;
809 1028 860 1065 nec
872 1013 933 1081 erig

156 1098 187 1135 re
196 1097 295 1151 agmen
305 1083 334 1132 in
345 1088 454 1150 captum
465 1098 548 1149 super
557 1099 587 1135 se
599 1084 633 1134 ab
643 1082 731 1134 Decio
741 1083 889 1135 tumulum.
905 1082 934 1135 S·

156 1148 240 1221 quum
254 1152 299 1202 ire
312 1152 342 1203 in
357 1150 408 1203 hos
423 1152 528 1218 magis,
549 1154 597 1220 qui
611 1153 753 1204 fortunam
762 1151 903 1221 gerendae
917 1168 932 1203 r

157 1221 328 1288 eripuerant,
348 1228 407 1273 tum
416 1221 607 1289 propinquitas
619 1222 676 1273 loci
691 1227 774 1289 atque
787 1223 851 1290 ipsa
866 1236 934 1288 peu

156 1297 201 1343 tas
222 1291 333 1343 incitat:
356 1297 384 1344 et
398 1306 469 1342 nune
489 1291 660 1344 circumdare
672 1291 794 1358 undique
805 1290 907 1343 collem
923 1312 926 1333 τ

158 1359 351 1423 metisrolunt,
363 1368 394 1413 ut
405 1360 663 1413 nconsuleDecium
675 1359 877 1425 intercludant3
888 1375 934 1411 nu

156 1430 231 1482 viam
243 1428 410 1496 patefacere,
434 1436 464 1480 ut
476 1430 622 1497 degressos
633 1431 662 1481 in
673 1431 774 1482 vallem
787 1428 917 1482 adorinnt

155 1498 280 1551 incertos
296 1499 362 1567 quid
375 1505 502 1568 agerent,
523 1516 579 1551 nox
591 1501 738 1566 oppressit.
775 1499 891 1551 Decium
907 1515 934 1567 p,

155 1582 232 1619 mum
243 1584 306 1635 spes
317 1571 418 1632 tenuit,
440 1584 501 1620 eum
513 1569 694 1620 subeuntibus
706 1570 734 1620 in
746 1569 892 1622 adversum
905 1585 932 1621 c·

156 1636 211 1689 lem
222 1652 257 1690 ex
266 1639 409 1705 superiore
420 1639 483 1689 loeo
501 1654 531 1689 se
542 1646 739 1706 pugnaturum:
762 1638 863 1690 deinde
874 1638 929 1690 adn

156 1707 229 1758 ratio
241 1708 367 1771 incessit,
389 1707 462 1775 quod
476 1723 526 1759 nec
538 1723 658 1776 pugnam
668 1709 784 1771 inirent,
804 1723 869 1770 nec,
889 1709 914 1759 si
930 1728 934 1750 ε

157 1790 190 1827 eo
207 1777 325 1828 consilio
343 1778 491 1844 iniquitate
511 1777 566 1828 loci
587 1780 806 1841 deterrerentur,
826 1792 911 1844 opere

157 1845 286 1911 valloque
303 1847 515 1898 circumdarent,
551 1849 623 1898 Tum
643 1847 853 1898 centurionibus
873 1846 910 1898 ad

156 1916 276 1977 voeatis,
301 1914 439 1979 Quaenam
456 1917 504 1967 iiia
521 1916 631 1969 inscitia
648 1917 710 1968 detti
721 1934 753 1968 ae
764 1916 889 1986 pigritia
902 1933 929 1967 ee

156 1994 205 2036 out
218 2000 332 2050 quonam
344 1988 420 2038 mode
431 1985 481 2036 isti
490 2003 523 2039 ex
531 1986 661 2040 Sidicinis
670 1984 865 2055 Campanisque
877 1985 933 2037 ciet

155 2053 227 2105 riom
239 2058 421 2122 pepererunt?
448 2055 512 2108 Huc
528 2065 609 2124 atque
624 2056 688 2106 illue
703 2056 782 2123 signa
793 2054 908 2118 nicoeni,

156 2123 232 2175 modo
242 2122 271 2175 in
284 2141 365 2177 onom
377 2124 505 2196 conferri,
516 2127 592 2176 niodo
603 2125 680 2176 educi
690 2125 794 2176 videtis.
817 2123 893 2193 Opne
904 2141 931 2192 qr

151 2191 214 2242 dem
225 2191 322 2260 incipit
333 2211 416 2258 nemo,
427 2211 507 2261 petrem
518 2195 573 2246 inm
584 2194 746 2246 circumdati
756 2197 827 2246 natio
835 2204 923 2262 potue

156 2275 215 2311 inne
227 2278 289 2315 esse.
323 2263 390 2316 Tum
402 2281 464 2316 nero
474 2280 521 2316 nee
531 2263 630 2315 tinnites
640 2263 755 2315 istorum
765 2264 855 2327 simne,
866 2263 891 2314 si
902 2262 932 2314 di

156 2328 211 2381 tint
224 2329 267 2383 bie
284 2347 432 2396 niteremur,
453 2349 532 2400 qoam
547 2334 711 2386 cominodnm
723 2332 768 2384 eit.
804 2333 918 2402 agitet

159 2395 197 2450 ite
208 2416 308 2452 mecum
315 2419 325 2462 ;
346 2411 385 2466 nt,
400 2404 462 2455 dum
473 2402 540 2455 iocis
552 2402 658 2469 aliquid
666 2411 796 2474 superest,
818 2401 914 2471 quibui

158 2468 346 2534 eisprnesidin
353 2482 467 2540 ponant,
485 2489 538 2538 qne
547 2481 644 2541 putent
655 2472 717 2524 bine
729 2478 829 2536 eritne,
840 2474 919 2539 exple

139 2547 210 2609 nme
248 2539 335 2592 Haec
345 2542 441 2595 omnia
452 2541 554 2611 sagulo
566 2542 674 2612 gregati
684 2540 811 2603 anuiotns,
823 2547 907 2593 centu
924 2540 931 2553 ‘

125 2598 217 2651 nrbus
230 2606 306 2659 item
320 2613 554 2683 manipulalium
568 2613 692 2666 miiitum
700 2608 805 2660 babitu
812 2610 920 2670 ductis,

30 2716 78 2752 .-
109 2658 222 2722 ducem
235 2675 406 2742 drountiro
415 2683 527 2745 hoates
539 2688 691 2757 potonem,
696 2675 895 2753 petiustrusit.
