1868 2946
67 112 118 165 231
206 111 240 163 T.
260 107 367 160 121le
386 107 430 175 [U.
442 109 471 160 C.
482 109 542 177 459.
557 110 589 160 ll.
601 109 631 160 C.
642 107 713 179 aod]

67 188 325 201 ———-=———-

68 210 208 277 frequenti
218 208 392 275 publicorum
404 215 502 259 ornatu
514 207 639 259 locorum
651 216 747 272 erant,
766 224 863 275 eompa

67 282 209 331 rabuntur.
228 278 345 331 Nobiles
356 277 464 343 aliquot
475 278 587 343 captivi,
599 278 668 329 clari
679 280 740 329 suis
751 286 862 344 patrum

65 364 119 417 que
130 348 224 409 factis,
235 346 321 398 ducti.
349 348 428 398 Aeris
438 347 532 413 gravis
544 354 705 399 transvecta
714 347 804 399 vicies
815 362 873 402 cen-

68 427 133 471 tena
147 424 176 469 et
191 416 227 469 ed
242 417 359 483 triginta
375 417 432 467 tria
446 417 544 469 millia.
580 415 612 467 ld
623 432 673 469 nos
682 416 829 469 redactam
838 430 871 469 ex

68 487 186 554 captivis
197 484 351 538 dicebatur.
387 487 516 554 Argenti,
538 484 612 552 quod
629 492 744 553 captum
755 485 872 539 exoriri·

67 559 117 608 bus
128 561 202 617 erat,
221 555 315 623 ponda
332 554 408 607 mille
419 560 547 609 trecenta
560 555 689 623 triginta.
725 555 817 609 Omne
827 570 873 609 aes

68 632 266 693 argentumque
276 626 305 676 in
315 626 456 678 aerarium
465 624 617 678 conditum.
652 624 796 679 Militibus
805 623 872 678 nihil

68 697 162 746 dotum
173 709 208 747 ex
219 695 325 762 praeda
336 699 391 747 est:
409 696 544 761 auctaque
554 709 588 746 ea
598 694 707 747 invidis
716 694 808 749 estad
819 695 874 762 ple·

67 767 138 825 bern,
147 763 220 830 quod
228 764 366 816 tributum
376 765 462 815 etiam
472 765 502 815 in
512 763 683 830 stipendium
691 763 875 817 militumcol·

68 835 155 885 latum
176 838 232 885 ecte
254 847 351 899 quum,
368 831 395 883 ni
408 838 505 899 spreta
518 832 611 900 gloria
625 831 727 885 luisset
747 834 876 901 captivae

66 902 200 970 pecuniae
210 902 238 951 in
255 902 393 954 aerarIum
407 901 521 965 illatae,
541 908 571 955 et
580 902 666 954 militi
681 909 743 954 tuna
761 900 826 954 duri
841 916 875 955 ex

68 971 185 1038 praeda,
205 976 233 1021 et
247 968 416 1037 stipendium
431 971 556 1023 militaro
570 972 709 1038 praestari
727 970 873 1039 potuisset.

67 1040 169 1092 Aedem
175 1038 293 1102 Quirini,
303 1054 385 1105 quam
395 1038 424 1090 in
434 1040 497 1106 ipsa
507 1041 688 1093 dimicatione
697 1046 795 1093 votam
803 1038 873 1108 apud

68 1108 205 1160 neminem
214 1114 337 1160 veterem
348 1114 492 1161 auctorem
502 1109 622 1173 invenio,
633 1114 745 1177 (neque,
753 1106 874 1171 hercule,

68 1186 124 1227 tam
144 1175 245 1245 exiguo
266 1182 395 1245 tempore
412 1178 548 1244 perlicere
563 1178 719 1246 potuisset)
735 1178 774 1231 ab
789 1178 873 1233 dicta·

68 1250 333 1365 torepatrevotnm,
353 1247 427 1299 lilius
438 1247 694 1311 consuldedienrit,
716 1249 872 1301 exornavit-

68 1331 121 1383 que
156 1314 258 1367 ostium
272 1316 385 1385 spoliisr
406 1331 526 1384 quorum
546 1322 627 1369 tanta
640 1316 798 1371 multitudo
812 1318 872 1379 tuit,

68 1392 97 1435 ut
109 1400 163 1435 non
174 1385 308 1452 templum
316 1390 426 1437 tantum
437 1384 583 1453 forumque
592 1386 637 1439 his
647 1395 813 1451 ornaretur,
826 1384 871 1439 sed

68 1456 151 1505 sociis
163 1455 247 1506 etiam
259 1455 419 1524 colonisque
431 1456 566 1519 finitimis,
573 1455 608 1506 ad
619 1456 792 1521 templorum
803 1456 871 1509 loco·

68 1540 182 1590 rmnque
193 1525 366 1590 publicorum
377 1533 514 1587 ornatum,
525 1525 724 1576 dividerentur.
748 1529 774 1578 A
782 1527 871 1578 trium·

69 1592 122 1659 pho
135 1595 284 1644 exereitum
296 1595 325 1645 in
338 1610 436 1662 agrum
447 1594 604 1655 Vescinum,
623 1595 689 1660 quia
700 1597 784 1663 regio
796 1612 829 1648 ea
839 1596 871 1644 in·

69 1664 142 1713 fosta
154 1663 187 1712 ab
204 1661 376 1714 Sanrnitibus
388 1669 461 1724 erut,
482 1663 657 1716 hibernatum
672 1664 765 1717 duxit.
803 1667 871 1717 lotor

69 1732 136 1783 haec
148 1732 285 1782 Carvilius
297 1733 408 1796 consul,
430 1735 457 1782 in
472 1734 587 1786 Etruria
597 1734 737 1785 Troilium
756 1736 870 1802 primunr

70 1817 228 1867 oppugnare
240 1801 365 1864 adortus,
384 1802 598 1868 quadringentos
610 1804 794 1871 septuaginta
804 1804 871 1855 ditis

69 1874 165 1932 simos,
185 1872 302 1938 pecunia
312 1873 413 1940 grandi
424 1878 534 1937 pactos,
556 1879 587 1924 ut
599 1873 676 1923 abire
691 1873 761 1925 inde
771 1875 871 1930 liceret,

69 1941 192 1991 ‹lirnisitt
215 1948 335 1993 ceteram
358 1941 565 1993 multitudinem
579 1942 771 2008 oppidumque
790 1945 871 2009 ipsum

69 2011 96 2059 ri
110 2011 190 2074 cepit.
228 2012 293 2062 inde
311 2011 429 2077 quinque
444 2012 574 2072 castella,
596 2012 666 2061 locis
684 2013 741 2061 sita
757 2010 871 2068 munitis,

69 2081 247 2144 expugnarit.
285 2081 424 2131 Caesaibi
442 2079 562 2130 hostium
574 2081 626 2130 duo
640 2081 733 2130 millia
746 2081 871 2147 quadrin-

69 2147 159 2215 genti3
186 2150 275 2198 nrinus
292 2149 345 2199 duo
361 2150 453 2201 millia
470 2151 552 2215 capti.
589 2151 625 2200 Et
643 2149 766 2201 Faliscis
783 2162 870 2216 pacem

69 2215 225 2282 potentibus
238 2231 340 2268 annuas
352 2219 475 2270 indutias
487 2220 573 2281 dedit,
584 2225 681 2284 pactus
695 2227 807 2270 eentum
819 2217 869 2269 mil·

71 2287 106 2334 lia
127 2285 221 2351 granis
237 2287 321 2348 aeris,
341 2295 370 2338 et
385 2289 554 2354 stipendium
574 2290 631 2339 eius
648 2290 715 2338 anm
732 2290 868 2340 militibus.

70 2355 121 2403 llis
133 2353 214 2403 rebus
226 2358 295 2406 actis
306 2356 342 2405 ad
354 2357 524 2422 triumphum
537 2358 665 2418 decessit,
675 2365 708 2408 ut
720 2359 814 2411 nriuus
825 2357 869 2409 cla·

71 2439 129 2472 rom
141 2422 175 2473 do
188 2422 365 2486 Samnitibus,
378 2442 459 2492 quum
473 2429 597 2494 collegae
608 2426 768 2493 triumphus
779 2429 869 2483 fuerat

63 2496 103 2546 ita
114 2494 228 2547 rumulo
242 2494 357 2548 Etrusci
369 2497 442 2548 belli
452 2504 607 2560 aequatum.
643 2498 721 2546 deris
735 2502 827 2563 gravis
836 2505 869 2547 tu·

54 2568 89 2619 rr't
102 2569 133 2620 l'n
147 2569 296 2624 aerarium
309 2572 445 2621 tl'eeenia
454 2565 605 2630 ucitrgrntu
610 2564 718 2608 nullum
734 2566 770 2612 de
776 2568 871 2625 nelinpu

44 2657 117 2696 1⁴81·ss
132 2643 244 2700 aedem
258 2641 363 2699 Fortis
372 2640 531 2694 Fortunae
549 2631 586 2680 de
596 2627 894 2676 xnannmxslacxenusn

106 2832 223 2886 -Α
