1868 2946
116 104 295 159 Lrn.v111.
312 106 423 162 csso.
436 106 477 162 10.
497 110 801 181 [u.c.415.u.c.337.]
835 114 872 166 69

63 183 855 205 h———u-———-—-——.——......-.-

62 214 93 266 T.
105 214 246 265 Manlium
260 214 353 277 iubet,
374 221 536 282 matureque
551 217 680 283 collegae
695 233 725 268 se
737 216 869 269 devotum

62 297 110 349 pro
122 283 251 336 exercitu
262 285 399 336 nuntiare.
434 285 509 351 lpse,
529 285 668 337 incinctus
686 287 778 337 cinctu
788 287 872 339 Gabi·

63 367 106 416 no,
117 358 244 405 armatus
255 353 284 403 in
296 369 396 420 equom
405 353 524 416 insiluit,
535 369 568 406 ac
578 371 608 407 se
618 357 646 405 in
658 356 765 407 medios
775 355 871 408 bostes

63 421 187 474 immisit.
227 423 397 489 Conspectus
410 423 447 474 ab
456 429 573 490 utraque
589 425 650 476 acie
665 425 810 493 aliquanto
822 440 871 477 aa·

64 492 175 558 gustior
191 490 314 543 humano
330 492 407 555 risu,
429 492 502 543 sicut
516 492 596 544 coelo
612 495 712 545 missus
728 495 871 561 piaculum

65 562 153 616 omnis
165 560 282 614 deorum
297 561 367 624 irae,
389 561 437 627 qui
453 567 559 628 pestem
576 563 611 613 ab
626 564 684 614 suis
698 580 825 616 aversam
840 564 870 615 in

66 626 158 682 hostes
168 629 272 683 ferret=
286 631 329 681 ita
340 632 428 682 omnis
439 636 532 682 terror
543 646 683 699 pauorque
695 633 819 685 camillo
830 632 870 684 la·

65 705 108 750 tus
124 701 209 766 signa
225 700 314 766 primo
331 701 497 751 Latinorum
514 701 651 763 turbavit3
673 701 770 753 deinde
789 702 817 751 in
829 708 872 752 to·

66 775 121 819 tum
131 770 244 836 penitus
258 770 346 820 aciem
357 769 489 835 pervasit.
512 768 756 821 Evideatissimum
766 769 797 821 id
808 769 872 833 fuit,

66 838 148 905 quod,
164 853 328 905 quacunque
339 854 410 905 equo
422 840 547 890 invectus
559 844 617 901 est,
633 838 689 901 ibi,
707 837 780 890 haud
791 854 871 891 secus

66 921 146 973 quam
158 906 295 972 pestifero
308 907 402 958 sidere
417 908 481 968 icti,
501 908 650 972 pavebant:
673 908 722 962 ubi
733 923 798 959 vero
812 922 871 959 cer·

63 976 118 1027 ruit
130 978 253 1027 obrutus
263 975 337 1037 telis,
352 975 416 1029 inde
426 977 483 1027 iam
496 974 569 1028 baud
581 976 663 1027 dubie
674 982 871 1028 consternatae

64 1044 195 1096 cohortes
207 1044 374 1095 Latinorum
389 1044 485 1113 rugan
502 1058 535 1096 ac
547 1046 710 1097 vastitatem
726 1046 784 1096 late
799 1044 871 1096 fecc-

62 1121 134 1166 runt.
173 1113 265 1166 Simul
275 1119 303 1164 ct
313 1113 445 1177 Romani,
465 1114 600 1166 exsolutis
612 1115 749 1181 religione
760 1113 871 1175 animis,

63 1184 140 1236 velut
156 1189 219 1233 tum
235 1182 353 1249 primum
368 1183 448 1250 signo
461 1184 527 1235 dato
539 1185 643 1246 coorti,
665 1199 785 1251 pugnam
801 1183 871 1233 inte-

62 1267 140 1320 gram
153 1252 312 1304 ediderunt.
348 1251 421 1304 Nam
432 1259 461 1305 et
471 1254 575 1304 rorarii
585 1253 787 1318 procurrebant
797 1252 872 1302 iuter

63 1322 257 1388 antepilanos,
279 1320 497 1390 addiderantque
508 1323 583 1373 rircs
595 1321 715 1372 hastatis
728 1336 760 1370 ac
770 1318 871 1385 princi·

63 1393 158 1456 pibus:
181 1397 211 1443 ct
223 1390 321 1452 triarii,
337 1406 409 1458 genu
419 1391 516 1444 dextro
528 1390 620 1452 innisi,
640 1395 737 1440 nutum
751 1388 871 1440 consulis

63 1460 98 1511 ad
111 1460 336 1526 consurgendum
348 1463 556 1527 exspectabant.

115 1529 152 1580 X.
172 1529 344 1582 Procedente
355 1530 453 1582 deinde
465 1531 626 1592 certamine,
638 1544 721 1596 quum
735 1526 799 1579 aliis
811 1542 870 1593 par·

64 1600 139 1650 tibus
152 1598 305 1649 multitudo
318 1606 462 1666 superaret
474 1600 655 1661 Latinorum,
674 1598 797 1650 lilanlius
809 1613 872 1648 con·

64 1667 226 1729 subaudita
238 1675 335 1719 ercntu
346 1670 480 1737 collegae,
493 1685 585 1736 quum,
596 1677 627 1720 ut
639 1670 681 1719 ius
693 1667 790 1734 fasque
802 1671 872 1727 erat,

65 1738 191 1788 lacrimis
204 1752 257 1787 non
274 1738 363 1787 minus
378 1755 460 1805 quam
480 1739 609 1790 laudibus
625 1738 726 1790 debitis
742 1749 873 1802 prosecu-

65 1815 109 1856 tus
122 1814 182 1857 tam
197 1807 407 1857 intemerabilem
421 1814 537 1859 mortem
553 1814 639 1870 esset,
659 1807 811 1874 paullisper
827 1802 874 1854 ad-

66 1875 215 1936 dubitavit,
239 1891 273 1925 an
285 1877 468 1943 consurgendi
478 1878 535 1928 iam
545 1878 652 1927 triariis
664 1884 772 1941 tempus
786 1878 873 1924 esset:

67 1944 178 2005 deinde,
190 1944 293 1995 melius
303 1952 381 1995 ratus
393 1948 517 2012 integros
529 1962 576 1996 eos
588 1946 624 1996 ad
636 1946 765 1995 ultimum
778 1939 874 1992 discri-

67 2028 128 2065 men
140 2014 264 2074 seru-ari,
287 2029 416 2067 accensos
434 2016 468 2065 ab
483 2030 531 2064 nou
539 2015 634 2065 issima
649 2014 708 2064 acie
719 2016 784 2062 ante
795 2011 875 2075 signa

67 2082 222 2148 procedere
234 2083 319 2134 iubet.
357 2083 410 2144 Qui
421 2084 470 2132 ubi
481 2084 604 2144 subiere,
616 2081 756 2146 extemplo
768 2078 875 2138 Latini,

67 2158 202 2218 tanquam
214 2151 288 2202 idem
301 2152 455 2202 adversarii
468 2152 605 2213 fecissent,
623 2152 876 2207 t1·iariossu0sex-

68 2221 238 2273 citaverunt:
250 2221 297 2286 qui
310 2222 483 2286 aliquamdiu
496 2235 588 2287 pugna
600 2220 689 2270 atroci
701 2232 784 2284 quum
796 2223 823 2268 et
835 2229 876 2265 se·

68 2298 123 2341 met
146 2291 203 2355 ipsi
224 2289 407 2355 fatigassent,
428 2296 456 2340 et
469 2288 563 2339 hastas
582 2295 629 2339 aut
650 2286 877 2354 praefregissent,

68 2367 115 2410 aut
127 2358 319 2421 hebetasse-nt,
335 2359 471 2424 pellerent
482 2359 509 2408 ri
519 2364 613 2409 tamen
624 2355 742 2416 hostem,
755 2352 876 2404 debella·

69 2435 128 2479 tum
144 2429 202 2479 iam
219 2430 287 2488 rati,
311 2436 526 2494 perventumque
546 2427 583 2480 ad
604 2432 765 2481 extremam
779 2422 893 2479 asienus

69 2505 127 2549 tum
141 2498 240 2549 consul
253 2497 369 2557 triariis,
393 2495 561 2571 tbnsurgc'te
572 2520 658 2568 nurse,
670 2500 781 2571 linquit,
790 2487 908 2561 tnttegsi

63 2571 192 2643 udaeam
189 2565 288 2639 sperat,
298 2580 430 2620 memores
433 2572 558 2636 patriae
570 2587 797 2649 percutiensque
810 2576 837 2622 et
853 2576 910 2617 00¹¹

50 2644 188 2695 saorrafftac
195 2629 360 2694 llberorulas
376 2654 519 2701 melttorct
537 2651 676 2711 consulit
695 2666 759 2722 pro
771 2647 910 2699 vetitis<
