1868 2946
342 64 490 131 potiorque
503 69 571 125 erat,
584 60 653 112 nihil
666 60 700 113 (le
710 60 899 125 Hasdrubale,

341 134 401 184 eius
420 136 559 181 mutatum
579 136 630 182 est.
669 130 792 181 Himilco
810 147 874 182 cum
890 147 928 184 ex

342 207 425 251 aucta
437 200 543 261 classe,
564 200 599 250 ad
615 199 787 252 retinendam
798 205 877 253 terra
886 216 925 252 m'

342 270 405 320 dam
418 270 593 335 Hispaniam,
603 274 645 321 est
656 270 769 333 missus;
792 271 848 335 qui,
867 277 901 321 ut
912 287 931 338 p

341 339 435 404 lesque
449 340 543 405 copias
555 338 677 399 traiecit,
697 339 797 389 castris
810 355 921 391 commu

341 423 393 473 que
410 406 554 458 subductis
576 414 603 459 et
618 407 694 459 vallo
712 408 906 471 circumdatis,

340 475 458 529 delectis
474 477 549 541 ipse,
569 484 701 543 quantum
717 480 836 528 maxime
852 480 931 530 aecel

342 560 389 613 per
400 544 499 596 dubios
510 545 681 612 infestosque
692 545 931 613 populosiuxtain

342 614 486 666 ilrubalem
503 615 637 681 pervenit.
674 615 764 676 Quum
783 614 928 668 decretas

341 691 424 750 taque
441 686 630 751 exposuisset,
651 689 735 750 atque
752 684 915 739 edidicisset

341 753 571 820 quemadmodum
592 753 770 804 tractandum
784 753 889 805 bellum
904 755 913 806 i

342 829 393 885 ret,
415 830 491 875 retro
504 823 532 873 in
544 838 595 873 sua
606 828 698 873 castra
708 821 806 886 rediit;
827 824 904 876 nulla
915 841 932 877 r

341 892 434 956 ritate,
456 893 553 954 tutior,
573 890 645 958 quod
655 890 775 958 undique
786 891 904 956 abierat,

317 998 322 1007 .
340 961 485 1014 sentirent.
522 960 697 1021 Hasdrubal,
720 962 879 1027 priusquam
899 979 928 1015 m

340 1032 471 1098 pecunias
482 1030 604 1098 imperat
614 1029 724 1096 populis
736 1032 862 1083 omuibus
874 1049 926 1085 sua

340 1102 377 1151 tis
396 1115 513 1167 guarus,
536 1099 721 1150 Hannibalem
744 1102 879 1154 transitus
901 1119 919 1172 q

341 1174 505 1221 mereatum:
525 1184 576 1221 nec
588 1168 695 1218 auxilia
707 1167 817 1220 Gallica
827 1171 926 1236 aliter,

341 1245 398 1301 cta,
418 1236 561 1302 habuisse3
583 1238 708 1303 inopem,
723 1244 830 1290 tautum
840 1240 916 1293 iteri

340 1314 548 1375 penetraturum
569 1306 603 1356 ad
619 1306 703 1373 Alpes
721 1305 817 1361 fuisso.
850 1309 926 1363 Pecu

341 1378 409 1416 alim
423 1378 536 1416 evanlio.
551 1376 584 1416 orl
597 1376 703 1416 llrurnm
717 1375 860 1416 densandis
899 1380 924 1416 n
