1762 3486
35 39 837 365 —.

39 529 198 585 taxilli.
213 531 393 586 ciamus
414 534 557 601 [bussi.
569 534 712 604 A.c‚217.]
740 537 789 590 337

35 642 190 715 nagistrum
201 641 333 711 equitum,
353 644 457 696 clausor
463 658 549 725 prope
557 643 633 697 intra
644 647 742 697 rodum
753 663 790 696 re·

35 722 97 777 tos,·
124 721 256 780 tanquam
279 711 399 765 doridos
423 712 539 795 captivis
560 729 640 765 orma
659 714 793 782 adempta.

35 783 129 848 um,
149 791 183 834 ut
193 782 350 835 abscesserit
359 781 421 835 inde
431 783 559 846 dictator,
575 792 606 836 ut
617 782 751 835 obsidione
764 784 793 834 b'-

35 860 109 915 ator,
124 859 204 905 extra
214 852 316 904 rollum
328 867 448 921 egressos
458 852 568 925 fodisse
577 852 738 974 aestuasse
750 851 793 902 bo·

35 938 54 976 t.
92 918 601 991 Quoeodres,siuntiquusonimuspi
632 922 644 973 i
682 938 793 973 ornunee

35 998 72 1054 rt,
84 990 231 1044 edaciter
247 1006 274 1043 ee
292 993 413 1045 tuncrum
426 991 518 1063 fuisse
536 992 567 1043 de
588 992 742 1060 abrogando
762 989 794 1052 Q.

35 1058 211 1128 wimperto:
231 1077 303 1114 nuno
314 1061 447 1115 modicam
462 1060 631 1131 rogationem
640 1062 795 1129 pronnnlgu-

35 1144 84 1182 um
95 1130 276 1199 decoquendo
287 1130 415 1199 magistri
430 1131 549 1200 equitum
560 1139 587 1182 et
600 1130 745 1184 dictatoris
756 1129 795 1179 iu·

49 1214 103 1252 που
112 1207 201 1253 tomen
210 1216 243 1253 ne
253 1199 295 1252 ito
306 1199 414 1267 quidem
419 1200 499 1268 prius
508 1199 667 1252 mittendum
676 1203 713 1251 od
723 1216 795 1250 exer-

35 1282 77 1323 tm
92 1266 126 1333 Q.
136 1268 262 1331 Fadium,
280 1285 361 1337 quarn
373 1272 505 1324 consulem
515 1268 545 1321 in
555 1271 642 1320 iocum
654 1268 682 1319 C.
693 1268 795 1319 Flnini-

36 1334 204 1408 sssffeoiuet.
240 1337 371 1391 Dictator
381 1338 561 1392 concionibus
572 1354 602 1390 se
613 1339 755 1398 abstinuit,
768 1339 794 1386 in

35 1409 103 1461 iona
115 1406 228 1460 mininie
238 1408 376 1475 populari.
411 1408 454 1460 Na
467 1408 498 1461 in
514 1414 612 1460 senatu
629 1408 738 1475 quidem
756 1423 796 1456 sa-

35 1476 136 1543 aequis
146 1477 260 1528 nuribus
268 1477 440 1540 audiebatur,
450 1484 516 1529 tune
527 1493 609 1545 quum
620 1475 727 1528 hostem
739 1493 796 1526 vei-

41 1545 207 1608 extolleret,
227 1546 384 1614 bienniique
396 1546 488 1599 clades
497 1562 549 1614 per
560 1548 741 1599 temeritatem
756 1553 795 1596 ut-

35 1615 235 1669 :inscientiam
245 1615 348 1668 ducunt
360 1623 488 1683 aceeptus
499 1615 630 1668 referret:
652 1615 797 1683 magistre-

48 1685 184 1752 equitum,
201 1686 272 1752 quod
281 1696 375 1738 ronna
386 1686 489 1736 dietum
500 1702 576 1737 suurn
583 1693 744 1753 pugnasset,
756 1702 798 1733 rn-

35 1772 92 1812 rem
104 1754 210 1807 diceret
230 1754 394 1808 reddendum
406 1770 469 1806 esse.
507 1754 539 1807 Si
557 1770 637 1822 penes
653 1770 680 1805 se
696 1767 798 1804 sursunn

35 1825 100 1879 serii
112 1824 269 1892 consiliique
279 1822 331 1888 sit,
347 1824 505 1892 propediem
515 1823 689 1891 effecturum,
709 1824 799 1874 istst-i-

35 1894 186 1956 mmines,
208 1893 275 1946 bono
287 1893 448 1962 imperatori
459 1892 532 1945 baud
543 1892 636 1962 rstoguo'
649 1892 798 1962 fortunent

35 1964 201 2019 mentiente:
222 1972 335 2016 mentem
349 1963 533 2029 rationemque
544 1962 688 2015 douzinuri.
725 1962 759 2012 Se
771 1963 799 2014 in

35 2050 115 2105 rpore
125 2032 217 2086 atrine
232 2031 385 2101 ignominie
400 2048 518 2086 servasse
534 2033 697 2096 exereitum,
719 2048 799 2102 quium

37 2107 79 2158 ita
89 2103 178 2156 millia
188 2101 304 2154 bostium
314 2103 452 2166 occidisse,
467 2101 598 2155 maiorem
605 2102 725 2173 gloriam
735 2119 799 2153 esse.

35 2174 85 2225 dus
117 2173 208 2224 enoris
220 2172 394 2225 orationibus
406 2172 510 2225 frustra
520 2170 632 2235 habitis,
644 2180 672 2225 et
684 2174 798 2224 eonsuie

35 2248 90 2295 usto
133 2242 236 2294 .Atilio
247 2241 364 2309 Regulo,
384 2258 418 2295 ne
429 2257 562 2311 praesens
574 2241 608 2293 de
618 2243 679 2293 iure
691 2242 798 2307 imperii

35 2311 157 2373 uitaret,
177 2312 266 2381 pridie
277 2327 361 2380 quant
372 2312 528 2379 rogationis
538 2310 668 2363 ferendae
679 2310 739 2362 dies
752 2309 799 2360 aii·

35 2386 85 2445 iet,
104 2386 188 2432 noete
203 2379 239 2432 ad
253 2382 405 2433 exereitum
418 2382 494 2433 abiit.
531 2380 607 2432 Luce
619 2385 694 2442 orta,
716 2396 799 2446 quum

35 2450 87 2503 ibis
97 2450 246 2502 concilium
258 2456 345 2513 asset,
366 2450 455 2519 magis
464 2449 553 2502 tacita
565 2449 671 2503 invidia
682 2449 799 2502 dictato-

44 2518 181 2588 {avosque
186 2521 317 2588 magistri
322 2521 446 2589 equitum
457 2519 566 2571 animos
572 2522 710 2582 versabat,
717 2537 798 2588 quern

35 2588 67 2643 ds
78 2589 218 2643 audebant
231 2588 357 2643 homines
371 2590 408 2642 od
423 2589 611 2654 suadendum,
632 2592 704 2658 quod
715 2592 798 2656 vulgo

35 2658 133 2722 sorbet,
154 2658 280 2726 prodire:
304 2665 341 2723 et,
361 2659 457 2714 favore
469 2667 627 2729 superante,
646 2660 799 2712 auctoritas

35 2744 91 2783 nen
104 2730 249 2797 rogationi
263 2729 369 2783 deerat.
406 2731 480 2783 Unus
498 2732 625 2785 inventus
644 2736 688 2782 est
702 2743 800 2780 sussen

35 2798 107 2867 ςίιῦ.
118 2799 270 2852 Terentius
280 2799 387 2864 Varro,
409 2802 458 2869 qui
478 2802 572 2869 priore
592 2813 665 2852 unno
686 2805 800 2865 praetor

35 2872 102 2931 snt,
124 2868 188 2923 loeo
205 2885 262 2921 non
275 2868 374 2921 humili
387 2871 491 2933 solum,
514 2870 565 2924 sed
580 2870 665 2922 etiarn
677 2865 799 2922 sordido,

35 2952 85 2991 ms.
120 2936 234 2991 Patrem
245 2940 354 2993 lanium
365 2940 452 2992 fluisse
464 2940 569 3001 ierunt,
588 2940 680 3005 ipsum
690 2934 800 2985 instito-

35 3022 54 3061 ιι
63 3008 174 3071 mercis,
185 3009 300 3079 filioque
310 3009 363 3063 boe
372 3011 433 3079 ipso
444 3010 472 3061 in
481 3008 594 3063 servilio
602 3008 662 3056 eius
673 3005 741 3054 artis
753 3005 801 3052 nti-

35 3076 212 3130 iteriausuro.

35 3148 63 3199 Γ.
75 3145 140 3201 Lrv.
154 3150 221 3201 Tou.
232 3150 259 3201 11
582 3149 609 3202 ἲ
