1868 2946
117 108 293 163 Lamviil.
312 109 457 165 Cae.1.2.
476 111 795 187 [e.c.41t.a.c.358.]
834 118 868 172 57

14 244 17 261 =
67 222 165 283 ceptae
176 214 267 267 eladis
276 223 419 269 uenerunt.
456 217 620 270 Volscorum
629 218 697 269 item
707 219 870 283 exercitum,

68 285 138 337 duee
146 284 258 337 Antiati
267 284 386 351 popule,
405 286 563 340 consedisse
578 288 614 338 ed
628 286 781 350 Satricum,
802 288 871 338 aila·

68 363 125 405 tnm
147 359 201 406 cst.
238 354 392 421 Utmmque
415 354 521 408 betium
541 356 652 409 Plautio
671 364 749 410 sorte
769 358 871 409 evenit.

67 424 145 475 Prius
160 423 198 474 ad
209 422 371 474 Privemum
391 424 533 492 prefectus
545 426 686 493 extemplo
701 427 761 478 acie
776 422 876 477 conni-

67 493 116 545 xit.
133 491 220 544 liaud
232 506 332 559 magno
345 496 496 547 certamine
507 496 611 547 deuicti
621 496 727 549 hostes:
739 494 870 563 oppidum

18 568 21 573 '
68 568 179 629 mptum
190 560 386 629 redditumque
395 564 612 627 Privernatibua,
624 565 765 632 praesidia
775 564 870 617 valido

67 632 215 698 imposito:
238 632 301 697 agri
316 640 410 698 partes
422 632 493 686 duae
509 634 664 700 ademptae.
699 633 766 686 inde
781 633 872 685 uictae

68 701 209 754 exereitus
220 699 358 753 Satricum
370 708 469 753 eontra
478 704 604 754 Antiates
616 702 724 754 duetus.
758 703 800 753 lbi
815 717 872 754 ina·

67 784 121 838 gna
131 770 276 836 utrimque
294 770 378 822 caede
393 777 477 821 atrox
497 772 633 838 praelium
654 771 723 822 fuit:
744 778 773 824 ct
788 786 870 839 quum

23 846 28 877 ἲ
68 845 223 907 tempestas
235 854 292 901 eos,
302 845 401 891 neutra
412 839 546 892 inclinata
557 856 614 906 spe,
626 840 790 892 dimicantes
800 841 872 891 dine·

67 910 175 971 nisam,
185 908 316 969 Romani,
326 907 396 959 nihil
406 911 598 961 eoeertamine
610 917 666 960 tam
677 911 807 977 ambiguo
819 907 872 960 fes·

68 979 100 1042 si,
114 979 143 1029 in
154 984 301 1046 posterum
312 976 386 1030 diem
397 979 533 1045 proelium
544 985 651 1045 piarunt.
689 977 812 1040 Volscis,
830 992 873 1029 re·

69 1047 250 1101 censentibus
260 1061 330 1113 quos
342 1048 416 1100 tiras
427 1049 456 1099 in
468 1050 529 1100 acie
541 1049 713 1108 amisissent,
732 1047 873 1112 haudqua-

10 1148 12 1157 ·
69 1133 151 1185 qnam
173 1117 250 1169 idem
272 1117 379 1168 animus
401 1118 437 1171 ad
457 1118 613 1170 iterandum
631 1116 782 1185 perieulum
808 1115 872 1167 fuit.

10 1216 14 1229 ·
67 1188 158 1241 Necte
175 1201 227 1255 pre
239 1186 321 1237 vietis
334 1188 446 1239 Antium
458 1189 568 1255 agmine
584 1186 709 1253 trepide,
727 1186 831 1238 sauciis
842 1201 875 1236 ac

10 1298 39 1319 .,
67 1264 147 1325 parte
158 1254 420 1323 impedimentorum
429 1257 538 1320 relicta,
557 1258 694 1309 abierunt.
729 1265 875 1308 Armorum

67 1342 170 1394 magna
180 1328 225 1377 uis
237 1332 298 1376 tum
312 1326 385 1379 inter
396 1342 478 1378 caesa
488 1342 606 1394 corpora
621 1325 757 1387 hostium,
778 1332 835 1374 tum
847 1324 876 1374 in

10 1431 17 1442 .
70 1398 171 1448 eastris
185 1396 299 1446 inventa
309 1400 360 1447 est.
396 1396 441 1448 Ee
452 1395 529 1449 Luae
540 1395 625 1447 nemra·
642 1394 757 1454 darete,
779 1392 876 1443 censui

70 1466 153 1517 dixit:
176 1466 302 1531 finesque
322 1463 443 1515 hostium
455 1482 542 1532 usquc
559 1464 595 1516 ad
614 1477 691 1512 nram
707 1462 875 1512 maritimam

12 1577 17 1591 .
70 1544 112 1586 est
127 1534 327 1603 depopulatus.
362 1535 453 1586 Alteri
475 1534 582 1586 etnasuli
597 1531 731 1594 Aemilio,
751 1532 876 1598 ingresse

10 1636 18 1644 -
71 1604 215 1656 Sabellum
229 1618 334 1669 agrum,
355 1619 410 1655 nen
422 1611 513 1657 castra
525 1603 700 1663 Samnitium,
722 1617 777 1652 non
789 1601 875 1668 legin·

11 1706 18 1715 -
70 1690 116 1726 nes
135 1689 256 1741 usquam
278 1674 433 1739 oppositae.
478 1674 565 1725 Feme
587 1672 701 1740 ignique
720 1678 875 1724 vastantem

10 1776 17 1785 -
71 1760 152 1813 agras
173 1742 263 1809 legati
285 1741 451 1794 Samnitium
473 1758 569 1809 pacem
590 1748 702 1795 attentes
719 1743 837 1805 adeunt3
860 1758 877 1792 a

10 1844 16 1853 -
71 1829 121 1879 qanta
133 1814 237 1865 reiecti
250 1811 286 1862 ad
297 1818 432 1875 senatum,
448 1818 590 1879 potestate
601 1811 677 1877 faeta
690 1811 808 1871 dicendi,
828 1825 876 1875 pa-

10 1912 16 1921 ·
71 1885 130 1933 sitis
144 1882 289 1934 ferocibus
301 1882 410 1944 animis,
429 1896 524 1948 pacem
536 1882 588 1932 sibi
600 1883 634 1933 ab
646 1882 787 1942 Romanis,
797 1879 876 1930 belii·

72 1968 121 2017 quc
133 1953 178 2003 ins
190 1951 324 2002 aduersus
336 1950 474 2002 Sidicinos
484 1951 633 2017 petierunt.
672 1949 747 2013 Quae
758 1965 785 2000 te
797 1965 826 1999 eo
838 1948 877 2000 iu·

71 2023 135 2074 ttius
148 2031 259 2090 petere,
280 2021 388 2088 quatiet
404 2021 433 2072 in
443 2019 593 2072 atteicitiam
605 2019 702 2087 popuii
714 2018 831 2069 Rotnani
841 2034 878 2069 sc·

72 2094 163 2143 citandis
184 2089 243 2142 tetis
257 2090 343 2150 redas,
365 2107 417 2142 aen
429 2089 562 2153 adversis,
583 2100 614 2141 nt
628 2087 774 2154 Catapani,
793 2088 877 2139 venie·

72 2171 124 2213 tent
131 2180 141 2211 :
163 2170 188 2212 et
204 2161 334 2211 advertus
346 2158 479 2211 Sidicinos
489 2169 625 2211 statuerent
636 2174 726 2221 aritae,
741 2171 802 2208 tuot
813 2172 878 2207 tean-

70 2247 114 2295 per
126 2229 216 2283 testes
223 2266 232 2290 ,
246 2228 342 2297 populi
352 2227 470 2280 Rotnani
479 2245 616 2296 nttsiqnam
627 2228 726 2278 uertices
732 2242 745 2287 ,·
764 2225 811 2294 qni
821 2242 878 2287 nec,

74 2309 99 2350 at
110 2300 262 2359 Scanatus,
273 2297 302 2349 t'n
310 2313 381 2364 pace
393 2297 551 2359 antistitium,
563 2315 619 2358 ace,
632 2305 661 2347 nt
675 2294 817 2362 Cnntpnm‘,
832 2310 880 2346 αα»

73 2369 165 2420 citium
176 2367 206 2419 in
218 2367 286 2419 detta
300 2366 446 2434 petissent,
467 2385 514 2420 nee
530 2367 560 2420 in
571 2366 632 2436 fide
646 2365 740 2433 papati
751 2360 879 2422 Rotnani,

72 2455 114 2491 aee
124 2439 153 2491 in
165 2437 272 2489 ditione
283 2445 378 2488 ettent.

120 2509 154 2559 il.
174 2507 268 2568 Quinem
286 2505 320 2556 de
333 2504 487 2570 postulatis
501 2505 674 2564 Samnitium
690 2511 742 2566 Ti.
754 2504 904 2565 nemiiius

70 2578 305 2638 praetnrsenatum
314 2576 510 2644 consuluisset,
523 2583 781 2658 reddendumque
790 2576 921 2635 metm.

59 2641 211 2688 dusl’atres
220 2640 407 2712 censuissent,
424 2658 558 2716 praetor
572 2657 782 2718 Sauluitibus
799 2664 932 2723 restim·
