1868 2946
37 110 42 120 ·
119 106 288 162 mvn.
307 106 487 162 claram.
508 108 808 183 [aenoancan
844 117 881 170 ra

10 237 37 270 u
64 216 134 285 gnis,
165 222 201 268 ut
224 214 371 280 extemplo
394 217 531 281 proelium
554 218 672 280 initura,
699 220 880 285 explicuisset

12 305 41 338 nn
65 287 161 351 aciem3
182 290 342 352 postquam
362 299 452 350 aeque
471 286 501 337 in
521 302 638 354 aequum
654 289 765 340 demitti
781 305 881 358 agmon

10 374 51 407 uu·
67 357 140 419 ridit,
147 362 179 409 et
191 369 283 423 quum
295 354 353 405 luci
365 353 525 419 altitudine,
535 362 594 408 tum
605 357 680 408 vallo
692 359 777 410 etiam
791 360 881 429 integi

10 440 45 476 un
68 424 213 488 Romanos,
236 424 384 492 perculsos
396 431 581 492 pavorerata,
601 427 684 477 simul
696 431 878 495 opportunio-

10 500 47 553 ιιι·
70 509 117 559 res,
136 495 219 563 quod
241 494 347 546 intenti
368 496 566 546 tummaxime
582 497 658 562 operi
673 504 780 559 essent,
802 501 875 550 truci

10 567 47 615 nis
71 566 184 619 elamore
196 564 376 632 aggreditur.
398 565 440 616 Ab
451 566 584 617 Romanis
593 581 645 617 nec
655 580 726 632 opus
736 567 875 620 intermis-

10 620 57 685 iui'
72 649 132 700 nm,
153 640 164 698 (
169 635 274 686 triarii
290 642 383 697 eraut,
404 635 452 701 qui
467 634 645 698 muniebant)
663 642 691 687 et
706 636 740 687 ab
755 633 875 688 liastatis

10 718 48 753 un
72 705 312 773 principibusque,
333 705 381 772 qui
392 719 444 772 pro
455 705 640 755 munitoribus
650 704 751 755 intenti
762 708 875 758 armati·

10 787 47 821 u
71 789 111 842 que
131 780 294 838 steterant,
312 774 453 842 proelium
467 774 576 825 initum.
613 773 729 825 Praeter
741 774 874 828 virtutem

10 843 46 892 ia·
71 842 138 897 locas
153 859 271 913 quoque
281 844 411 911 superior
420 842 539 906 adiurit,
551 847 583 893 ut
592 842 651 909 pila
660 841 754 893 omnia
764 841 875 901 hastas·

10 926 45 961 aa:
71 928 193 981 qaeaon,
213 921 349 981 tanquam
363 929 497 981 exaequo
512 912 609 973 niusa,
630 927 702 963 vana
715 912 805 979 (quod
816 913 874 979 ple·

10 997 42 1031 iar
70 984 241 1053 nmquelit)
257 982 402 1046 caderent,
422 983 472 1035 sed
487 982 580 1034 omnin
590 981 695 1033 librata
704 981 873 1048 ponderibus

10 1052 39 1101 ua
70 1052 233 1121 lgereutur3
245 1052 410 1119 oneratique
419 1050 575 1113 telisGalli,
586 1052 685 1118 quibus
695 1058 743 1102 aut
754 1065 874 1117 corpora

11 1136 38 1171 e.-
70 1125 214 1185 uamlixa,
236 1128 287 1173 aut
308 1127 495 1189 praegravata
507 1119 716 1173 inhaerentibus
737 1121 873 1186 gerebant

10 1206 36 1240 aa
69 1202 148 1256 teuta,
165 1207 254 1260 quum
265 1206 351 1243 cursu
362 1206 449 1259 paene
460 1191 489 1241 in
500 1190 645 1242 adversum
657 1190 806 1253 subissent,
817 1190 873 1256 pri·

10 1275 34 1309 ³·
70 1276 103 1315 uo
119 1262 230 1315 incerti
245 1260 388 1313 restitere:
410 1260 486 1322 dein,
507 1275 591 1326 quum
607 1262 668 1326 ipsa
683 1260 825 1311 cunctatio
843 1264 873 1310 et

70 1329 103 1384 lis
115 1333 231 1383 animos
241 1330 397 1393 minuisset,
408 1335 437 1382 et
448 1329 574 1381 auxisset
585 1328 786 1394 hosti,impulsi
796 1332 872 1379 retro

10 1417 27 1447 r
69 1416 142 1453 ruere
154 1401 205 1452 alii
216 1414 301 1466 super
311 1400 391 1461 alios,
401 1405 578 1466 stragemque
589 1399 664 1449 inter
674 1414 704 1448 se
717 1396 801 1447 caede
812 1397 874 1466 ipsa

10 1487 24 1518 ··.·
70 1469 221 1523 foediorem
241 1469 317 1521 dare.
353 1469 428 1520 Adeo
443 1468 593 1537 praecipiti
608 1469 691 1520 turba
705 1465 804 1518 obtriti
814 1466 873 1533 plu·

11 1556 25 1585 ιι
69 1554 115 1604 res,
132 1538 419 1607 quamferranecati.

12 1626 25 1657 .-
114 1609 220 1662 xxiv.
234 1609 358 1660 Necdum
371 1616 446 1662 certa
455 1609 589 1661 Romanis
599 1605 719 1661 victoria
730 1612 802 1660 erat:
816 1605 874 1660 alia

18 1704 26 1714 ·
70 1678 94 1729 ia
104 1695 237 1746 campum
249 1679 387 1746 degressis
397 1685 542 1746 supererat
553 1680 649 1731 moles.
671 1678 796 1746 Namque
805 1677 874 1727 riuul-

19 1775 24 1783 ·
71 1750 155 1802 titudo
167 1750 327 1812 Gallorum,
337 1765 447 1801 sensum
459 1764 568 1801 onmem
580 1749 646 1799 talis
656 1748 750 1800 damni
760 1761 875 1813 exsupe-

10 1838 24 1867 ·.·
72 1833 138 1883 rans,
157 1820 240 1870 velut
251 1834 323 1870 nova
333 1835 429 1871 rursus
442 1819 583 1871 exoriente
595 1819 663 1879 acio,
676 1819 815 1884 integrum
825 1815 875 1865 mi-

10 1903 25 1935 r·
71 1889 144 1941 litem
167 1888 305 1939 adversus
321 1889 455 1941 rictorem
470 1887 579 1939 bostem
596 1888 698 1938 ciebat.
735 1887 876 1950 Stetitque

10 1978 24 2004 ·.-
72 1973 215 2025 suppresso
237 1958 345 2023 impetu
363 1957 518 2021 Romanus3
540 1963 568 2008 et
588 1957 653 2023 quia
673 1958 773 2009 iterum
793 1953 877 2005 fessis

73 2027 213 2080 subeunda
223 2027 368 2079 dimicatio
381 2035 449 2091 erat,
472 2034 500 2079 et
511 2027 584 2094 quod
597 2027 706 2088 consul,
727 2025 792 2075 dum
804 2024 877 2073 inter

10 2112 26 2145 .··
72 2099 203 2162 primores
213 2099 344 2148 incautus
355 2099 456 2166 agitat,
477 2098 556 2151 laevo
575 2095 690 2146 humero
703 2094 877 2159 mataripro·

10 2184 21 2213 ·..
71 2180 102 2232 pe
122 2168 260 2229 traiecto,
289 2173 413 2220 cesserat
437 2181 585 2234 parumper
604 2181 640 2216 ex
660 2165 727 2216 acie.
764 2164 877 2227 lamque

12 2266 17 2281 ·
73 2238 172 2289 omissa
184 2237 341 2289 cunctando
352 2239 472 2289 victoria
484 2243 641 2302 crat,quum
653 2231 878 2295 consul,vulnerc

10 2306 23 2352 i
72 2305 201 2374 alligato,
220 2313 350 2359 revectus
361 2306 397 2358 ad
408 2308 497 2374 prima
507 2306 596 2372 signa,
609 2303 683 2366 Quid
692 2313 764 2364 etas,
786 2300 879 2352 miles.²

14 2396 26 2418 ι·
71 2374 166 2442 inquit.
205 2376 351 2429 Naurum
371 2376 475 2429 Latino
498 2375 649 2442 Sabinoque
671 2372 746 2424 barte
766 2386 809 2422 res
830 2376 879 2430 est,

10 2459 27 2491 l·
73 2462 145 2512 quem
156 2446 262 2499 rictum
274 2447 359 2498 urrais
371 2446 473 2499 socium
485 2464 518 2499 ex
526 2441 713 2519 hostesuciut.
737 2442 772 2501 Ia
782 2441 890 2497 belluas

10 2530 28 2587 vj
72 2517 233 2571 strinximus
234 2517 352 2586 ferram.
380 2516 568 2581 llaerr'endus,
583 2529 635 2575 aut
647 2521 765 2579 dandus
777 2527 820 2575 est
836 2532 901 2569 soa·

10 2583 28 2629 ·it
65 2586 136 2659 puio
165 2584 481 2662 l‘ropqle'ttelracasmlr,
504 2592 703 2660 rapinaeque
718 2590 915 2670 praecipisti

10 2666 16 2675 .
55 2652 568 2721 quta,{tratiacomortburlio-stium
583 2673 788 2741 superstetis.
836 2663 929 2719 Com.
