1868 2946
28 42 167 100 nxxll.
183 47 259 101 Car.
269 46 296 100 6.
307 48 334 102 7.
352 46 397 115 [U.
409 46 672 116 cazanum]
692 47 744 101 mn

30 154 80 204 ubi
91 154 168 205 locus
179 153 262 222 fugae
274 155 365 217 deest,
387 170 437 222 per
450 156 541 222 prima
552 154 624 206 rada
635 154 745 220 paludis

28 238 81 275 ram
92 225 243 290 progressi,
264 224 357 291 quoad
368 225 502 290 capitibus
515 225 689 290 humerisque
701 238 746 276 ex·

28 301 155 362 possunt,
173 308 234 345 sese
245 293 422 360 immergunt.
458 294 557 357 Fuere,
576 308 644 361 quos
655 294 746 344 incon-

28 380 32 414 ι
44 378 130 428 paror
140 363 230 414 nando
239 364 323 414 ctiam
336 379 480 430 capessere
490 364 585 432 lugam
592 363 745 429 impulerit

31 433 80 484 ubi
91 431 225 484 immensa
236 448 268 484 ac
280 435 339 484 sinc
349 449 398 499 spe
409 440 478 497 erat,
494 441 544 485 aut
553 433 746 486 deficientibus

28 519 40 553 s
51 501 251 554 hauriebantur
256 503 421 570 gurgitibus,
428 510 475 555 aut
486 503 667 570 nequicquam
678 501 747 554 lessi

36 577 115 624 retro
130 572 284 638 aegerrime
299 572 477 639 repetebant,
498 580 581 639 atque
596 573 638 624 ibi
654 572 689 623 ab
706 572 746 623 in·

28 644 46 692 is
59 655 156 708 aquam
168 639 289 693 hostium
299 643 438 709 equitibus
450 643 553 709 passim
570 642 746 695 trucidabau·

34 710 90 763 Sex
106 711 198 763 millia
208 709 296 763 ferme
306 712 387 777 primi
397 713 532 781 agminis,
553 726 603 779 per
614 711 747 765 adversos

28 797 40 832 s
52 781 196 847 eruptione
206 781 324 849 impigre
336 782 420 845 fucta,
431 782 522 852 ignari
531 783 663 845 omnium,
675 794 748 850 quae

28 866 54 904 se
72 857 234 919 agerentur,
253 866 288 902 cx
303 851 377 902 saltu
393 866 516 904 evasere.
551 852 602 916 Et,
624 867 708 920 quum
718 851 746 902 in

28 921 52 972 lo
64 914 184 987 quodam
194 922 394 984 constitissent,
406 922 554 975 clamorem
565 921 648 974 mono
660 938 694 974 ac
704 937 748 973 sir·

28 1005 161 1042 umorum
172 990 327 1055 audientes,
341 1007 412 1060 quae
422 990 535 1044 fortuna
544 1006 653 1059 pugnae
664 999 747 1053 essct,

28 1061 131 1123 resim,
152 1075 204 1112 nec
218 1061 375 1127 perspicere
391 1076 457 1128 prae
474 1062 593 1128 caligine
608 1067 747 1129 poterant.

28 1136 82 1181 iata
93 1130 211 1196 donique
223 1145 263 1192 re,
279 1146 361 1198 quum
372 1131 559 1184 incalescente
570 1132 630 1183 solo
641 1131 748 1197 dispul-

28 1199 99 1251 rbula
120 1200 275 1266 aperuisset
297 1200 384 1262 diem,
407 1207 466 1252 turn
483 1199 592 1268 liquida
608 1201 664 1252 iam
685 1201 747 1252 luce

28 1285 53 1321 es
64 1269 209 1336 campique
220 1268 345 1336 perditas
355 1285 399 1322 res
417 1276 590 1336 stratamque
601 1269 748 1321 ostendere

43 1339 196 1390 Romanam
218 1340 314 1392 aciem.
350 1340 461 1407 ltaque,
482 1357 517 1392 nc
536 1342 565 1390 in
582 1343 747 1405 conspector

28 1409 44 1460 .1
57 1410 258 1460 immitteretur
274 1424 373 1476 equos,
394 1410 512 1461 sublatis
533 1409 634 1475 raptim
650 1408 748 1475 signis,

39 1478 206 1531 citatissimo
218 1485 348 1544 poterant
358 1479 476 1547 agmine,
487 1495 548 1532 sese
558 1479 749 1545 abripuerunt.

31 1563 63 1600 ro
74 1549 128 1609 (lie,
135 1562 219 1614 quum
229 1562 311 1614 super
319 1555 413 1600 cetera
424 1555 550 1600 extrema
561 1547 651 1600 lanies
663 1548 749 1600 etiam

28 1624 74 1680 et,
96 1617 179 1669 tidem
190 1617 274 1669 dante
285 1615 463 1680 Maharbale,
486 1619 533 1685 qul
549 1633 611 1669 cum
623 1618 750 1670 omnibus

29 1689 120 1740 tribus
137 1687 225 1752 copiis
245 1694 328 1740 nocte
349 1694 513 1739 consecutus
536 1694 609 1752 erat,
630 1688 657 1739 si
674 1703 751 1741 arma

28 1759 142 1819 iissent,
163 1757 241 1808 abire
257 1773 317 1808 eum
336 1757 455 1825 singulis
472 1757 645 1810 vestimentis
657 1772 751 1824 passu-

28 1827 103 1879 'sesc
119 1827 292 1879 dediderunt.
329 1827 407 1888 Quae
422 1826 527 1878 Punica
543 1827 680 1894 religione
694 1840 751 1877 ser·

28 1897 93 1965 ides
104 1899 139 1949 ab
149 1895 307 1948 Hannibale
319 1903 375 1960 cst,
395 1902 479 1965 atque
495 1897 522 1947 in
535 1896 646 1948 vincula
656 1910 752 1949 ‹rmnet

28 1967 74 2019 cit.
289 2005 294 2013 .

28 2037 60 2088 11.
78 2037 158 2089 llaec
168 2041 210 2089 est
219 2035 322 2087 nobilis
335 2036 370 2088 ad
381 2036 576 2088 Trasimenum
588 2050 690 2104 pugna,
711 2041 752 2087 at·

29 2113 93 2159 nter
112 2121 215 2173 paucas
232 2113 387 2158 memorata
403 2107 500 2173 populi
514 2107 633 2159 Romani
648 2105 750 2158 clades.

28 2178 109 2240 lecim
128 2176 220 2227 millia
239 2175 428 2227 Romanorum
447 2177 476 2227 in
496 2177 555 2228 acie
576 2192 657 2230 caesa
674 2181 752 2239 sunt;

28 2264 42 2299 a
54 2246 152 2307 millia,
172 2260 270 2312 sparsa
281 2243 348 2312 fuga
358 2260 408 2312 per
420 2261 529 2298 omnem
541 2245 691 2307 Etruriam,
713 2244 752 2294 di·

28 2334 33 2368 ι
43 2317 193 2369 itineribus
206 2314 302 2367 urbem
313 2317 428 2382 petiere.
455 2316 537 2368 Mrlle
548 2314 691 2383 quingenti
705 2311 753 2363 lm·

28 2430 30 2437 ,
46 2387 76 2438 in
88 2387 162 2447 acie,
184 2385 267 2436 multi
285 2392 384 2452 postea
394 2386 539 2456 utrimque
551 2381 774 2439 easuxnesmus

28 2473 66 2511 re.
100 2455 251 2522 lllultipler
269 2456 371 2512 caules
389 2459 542 2529 utrimque
558 2455 647 2508 iacta
654 2447 791 2501 esaum

28 2526 59 2575 is.
92 2525 167 2590 Ego,
186 2534 395 2598 praeterquam
414 2533 501 2603 qumi
517 2520 826 2602 11111111κτικὶιεκκὶτίξῢἸ

28 2590 113 2657 vllfflae
135 2607 191 2659 1Νο
206 2596 297 2657 nimis
313 2602 475 2664 inclinant
493 2605 602 2662 lcrmc
616 2587 826 2650 scemenum
