1868 2946
28 88 186 142 srmviil.
205 91 280 142 Car.
291 90 317 142 8.
337 88 423 157 [U.C.
433 91 493 144 415.
503 90 535 143 A.
547 91 579 142 C.
590 92 660 161 537]
712 94 747 147 or

28 166 750 189 —---—————---

28 193 99 245 lillis
109 194 272 245 constabat:
282 195 414 246 vexillum
426 201 534 246 centum
545 198 689 262 octoginta
699 214 749 253 sex

28 280 67 316 res
78 269 169 315 erant.
205 264 330 314 Primum
344 264 478 316 vexillum
492 265 609 316 triarios
620 265 749 331 ducebat,

28 348 103 383 snum
114 333 233 384 militem
244 339 387 399 spectatae
396 335 523 385 virtutis:
543 335 694 387 secundum
705 351 750 386 ro-

28 418 40 465 p
59 403 154 453 minus
168 404 280 454 roboris
295 410 390 456 aetate
406 402 555 470 factisque:
577 404 692 455 tertium
706 420 750 456 no·

28 487 53 535 s,
75 471 208 524 minimae
220 472 341 525 fiduciae
349 489 469 524 manum.
505 474 547 525 Eo
559 479 587 526 et
597 474 626 524 in
641 480 750 540 postre-

28 542 114 593 sciem
124 541 333 594 reiieiebantur.
369 543 423 593 Ubi
434 542 476 594 his
488 542 631 594 ordinibus
642 542 750 595 exerci·

28 616 151 662 structus
166 617 254 675 esset,
274 610 378 663 hastati
394 612 517 663 omnium
530 613 612 678 primi
625 626 748 679 pugnam

28 685 58 731 rt.
96 678 126 731 Si
142 679 250 731 hastati
264 680 415 747 profligare
430 681 540 732 hostem
555 697 610 732 non
624 687 748 748 possent,

28 763 122 815 presso
134 764 182 800 eos
197 750 408 802 retrocedentes
418 751 447 801 in
461 749 610 801 intervalla
620 750 746 802 ordinum

28 833 79 885 pes
94 818 276 884 recipiebant.
311 821 383 870 Tum
398 820 549 886 principum
564 834 655 887 pugna
671 825 747 881 erat3

28 889 46 939 li
65 888 264 954 sequebantur.
300 888 406 940 'l'riarii
425 890 476 940 sub
494 889 605 941 vexillis
622 888 748 940 conside·

40 957 158 1009 sinistro
171 972 252 1009 crure
263 964 407 1024 porrecto,
428 965 508 1011 scuta
515 958 606 1009 innisa
615 956 747 1017 humeris,

28 1043 36 1079 r
51 1027 185 1078 subrecta
200 1028 314 1094 cuspide
335 1029 365 1079 in
381 1035 457 1080 terra
472 1029 556 1090 lixas,
578 1027 653 1079 haud
666 1042 747 1078 secus

28 1095 376 1162 vallosaeptainhorreret
384 1100 467 1161 acies,
479 1103 614 1150 tenentes.
633 1096 662 1149 si
674 1093 748 1162 apud

29 1180 82 1233 pes
103 1180 211 1233 quoque
227 1167 300 1218 haud
315 1169 385 1219 satis
400 1183 532 1235 prospere
553 1172 628 1219 esset
643 1180 749 1233 pugna·

31 1252 52 1287 n
66 1234 156 1301 prima
171 1237 230 1288 acie
245 1237 281 1289 sd
296 1238 408 1290 triarios
424 1240 527 1290 sensim
542 1235 747 1288 referebantur.

28 1321 76 1357 em
87 1306 126 1357 ad
135 1305 250 1358 triarios
259 1307 369 1369 redisse,
378 1324 462 1376 quum
472 1306 626 1367 laboratur,
636 1317 748 1369 prover·

28 1375 147 1427 crebuit.
166 1377 272 1428 'l'riarii
282 1383 488 1446 consurgentes,
498 1376 548 1427 ubi
557 1376 587 1424 in
598 1372 749 1425 intervalla

28 1461 72 1496 um
93 1460 204 1497 suorum
225 1448 362 1514 principes
378 1455 406 1500 et
423 1446 550 1497 hastatos
570 1443 750 1508 recepissent,

27 1512 748 1582 rploeompressisordinibnsrelutclaudebantriast

28 1601 52 1637 re
60 1586 214 1636 continenti
225 1588 343 1653 agnilus,
353 1589 408 1638 iam
420 1586 498 1637 nulla
508 1599 558 1650 spe
568 1589 632 1650 post
640 1582 748 1645 relicta,

29 1661 87 1706 tem
98 1655 275 1707 incedebant:
288 1657 317 1707 id
326 1663 387 1708 erat
397 1655 690 1708 formidolosissimum
700 1650 750 1703 bo·

28 1740 91 1787 rum,
103 1726 180 1775 velut
190 1726 277 1776 rictos
288 1727 414 1789 insecuti,
425 1742 525 1778 noram
534 1730 648 1793 repente
659 1723 749 1775 aciem

28 1801 139 1862 gentem
151 1802 260 1847 auctam
272 1813 386 1849 numero
399 1797 555 1849 cernebant.
585 1794 748 1846 scribeban-

27 1870 94 1915 rtem
106 1871 238 1930 quattuor
252 1866 310 1918 fere
325 1867 451 1934 legiones
464 1867 553 1934 quinis
568 1864 691 1915 millibus
702 1876 749 1927 pe·

28 1954 41 1997 ι,
53 1935 194 2000 equitibus
206 1936 233 1985 in
243 1936 369 2002 singulas
380 1937 506 2004 legiones
516 1934 647 1986 trecenis.
675 1932 750 1982 Alte·

28 2010 131 2054 :antam
143 2021 177 2056 ex
189 2005 292 2056 Latino
309 2006 421 2058 delectu
438 2005 636 2064 adiiciebatur,
655 2000 703 2067 qui
717 2011 751 2050 eo

28 2080 114 2126 estate
125 2072 218 2125 hostes
230 2083 309 2127 erant
321 2077 467 2137 Romanis,
489 2074 641 2138 eodemque
653 2069 750 2121 ordine

28 2150 137 2195 rxerant
149 2145 250 2195 aciem:
261 2161 312 2196 nec
321 2145 426 2197 vexilla
439 2160 500 2195 cum
511 2142 622 2194 vexillis
633 2145 752 2199 tantum,

28 2213 68 2264 rsi
81 2211 188 2264 hastati
199 2228 260 2264 eum
272 2213 404 2276 hastatis,
425 2213 563 2280 principes
576 2227 636 2261 cum
649 2205 751 2276 priucl·

31 2300 39 2347 3
61 2283 112 2335 sed
124 2284 249 2335 centurio
262 2300 371 2351 quoque
382 2300 443 2335 cum
456 2281 627 2341 centurione,
640 2281 665 2329 si
676 2274 752 2356 ordi·

28 2353 110 2404 rrbati
122 2368 176 2404 non
187 2360 295 2416 essent,
316 2353 535 2407 concurrendum
545 2350 599 2400 sibi
609 2363 671 2400 esse
682 2357 752 2423 scre·

58 2422 121 2473 Duo
139 2423 276 2489 primipili
291 2440 326 2475 ex
341 2431 459 2491 utraque
472 2423 532 2475 acie
547 2421 623 2474 inter
636 2415 759 2472 sennes

31 2511 37 2543 ε
51 2492 195 2543 llomanus
207 2508 320 2558 corpore
329 2494 553 2569 haudquaquam
559 2486 779 2550 saturandus,

28 2577 65 2637 mr
77 2568 206 2609 strenuus
226 2563 268 2612 rr'r'
283 2567 458 2641 peritusque
480 2572 633 2627 militiam
649 2562 793 2623 Latinus

28 2639 148 2689 'Mem
164 2627 349 2707 bellatorque
363 2644 505 2715 primus3
531 2639 701 2702 notissimi
718 2635 793 2690 low

486 2723 565 2778 132
