1868 2946
95 102 170 154 Lm.
182 99 251 155 Vll.
270 103 380 155 cina
391 100 416 157 3.
436 104 479 171 [U.
493 105 522 154 C.
534 110 593 173 39²·
611 104 644 154 A.
656 103 686 154 C.
697 102 769 171 fibo]
811 102 828 155 5

36 180 830 197 ...-.-.--.-.-.-.....

36 224 111 273 rasse
120 212 174 258 est.
211 206 254 257 Eo
266 208 424 259 institutum
438 216 544 270 munet,
566 213 597 258 ut
614 208 836 261 uctoresdtellu·

36 292 126 329 rarum
139 292 190 328 nec
206 277 282 329 tribu
298 285 472 341 moveantur,
493 286 522 330 et
533 277 683 343 stipendia,
704 284 835 343 tunquam

36 352 158 413 rspertes
169 348 239 397 artis
250 346 384 408 ludicrae,
395 345 511 399 iaciant.
536 348 612 397 luter
623 348 742 397 aliarum
751 360 837 413 parra

36 416 169 483 principia
188 431 296 477 rerum,
316 415 445 466 ludorum
462 432 571 484 quoque
587 417 678 482 prima
694 417 775 485 origo
789 430 838 481 po·

35 484 118 538 reuda
134 484 196 535 visu
211 492 267 537 est:
289 492 320 535 ut
336 492 499 551 appareret,
521 501 601 552 quam
618 486 736 536 absono
752 486 837 535 initio

36 570 73 606 es
93 555 121 605 iu
144 554 217 606 banc
235 554 284 606 rix
305 554 444 622 opulentis
462 557 557 624 regnis
574 555 750 607 tolerabilem
763 554 838 606 insa·

36 624 102 676 riam
116 626 237 676 venerit.

87 694 135 745 lll.
155 693 215 745 Noc
226 701 320 746 tamen
333 694 461 745 ludorum
472 694 590 760 primum
600 694 720 755 initium,
740 707 838 759 procu·

36 763 123 816 undis
134 763 318 829 religionibus
331 764 434 826 datum,
457 770 505 814 aut
514 763 651 830 religione
662 764 779 825 ultimos,
790 767 839 813 out

36 848 149 900 torpore
168 834 273 885 morbis
285 834 400 885 levarit.
438 832 510 894 Quin
521 833 619 893 etiam,
639 849 721 899 quum
732 830 840 883 medios

35 906 101 955 'orte
121 902 205 953 ludos
221 902 312 954 circus
328 904 426 954 Tiberi
442 903 587 968 superfuso
603 902 736 971 irrigatus
753 902 840 967 impo-

36 973 124 1034 iisset,
135 972 168 1023 id
177 987 256 1035 vero,
276 972 353 1023 velut
366 973 471 1024 aversis
482 974 538 1022 inm
550 971 604 1022 diis
616 971 840 1037 aspernantibus·

36 1058 81 1110 pre
91 1042 254 1109 placamina
263 1042 333 1103 irae,
344 1048 481 1093 terrorem
494 1042 634 1107 ingentem
645 1042 721 1092 fecit.
743 1042 840 1105 ltaque

36 1114 75 1164 ln.
88 1109 232 1173 Genucio,
250 1110 283 1162 L.
294 1112 414 1162 Aelnilio
423 1111 594 1161 Mamercino
607 1110 757 1163 seeundum
776 1124 840 1179 coln·

36 1182 145 1241 lulibus,
157 1197 241 1247 qutun
253 1181 429 1247 piaculorum
441 1182 531 1246 nragis
543 1181 710 1247 conquisitio
722 1181 840 1238 aruimus,

36 1268 111 1319 puam
124 1266 246 1315 corpora
257 1251 359 1312 morbi,
381 1250 531 1312 afficerent,
543 1251 691 1317 repetitum
704 1266 738 1301 ex
750 1248 841 1300 senio·

36 1337 89 1371 :um
106 1320 244 1371 momoria
259 1320 375 1381 dicitur,
395 1320 585 1386 pestilentiam
606 1320 744 1386 quondam
761 1319 840 1371 claro

36 1390 65 1441 ub
83 1390 225 1440 dictatore
241 1391 296 1439 fixo
318 1390 453 1440 sedatum.
490 1390 533 1438 Eu
553 1390 689 1454 religione
704 1389 842 1438 adductus

36 1466 145 1511 senatus
167 1459 335 1510 dictatorem
359 1460 431 1509 clari
452 1458 557 1524 figendi
581 1474 665 1508 causa
681 1457 737 1507 dici
752 1456 842 1508 iussit.

36 1528 132 1580 [lictus
149 1529 184 1579 L.
199 1529 321 1579 lllanlios
342 1529 523 1593 Imperiosus,
544 1529 576 1579 Ι».
593 1528 735 1578 Pinarium
757 1527 843 1593 magi-

36 1606 119 1649 strum
131 1598 256 1664 equitum
269 1598 350 1649 dixit.
387 1599 447 1649 Lex
459 1605 570 1648 vetusta
582 1605 633 1660 est,
645 1596 744 1664 priscis
754 1598 842 1648 literis

36 1670 178 1734 verbisque
190 1669 305 1733 scripto,
324 1674 363 1730 ut,
386 1669 433 1734 qui
445 1676 559 1733 praetor
570 1669 706 1719 maximus
716 1668 766 1728 sit,
788 1666 843 1715 loi-

36 1736 80 1789 bus
91 1738 306 1803 b'cplcmbribus
325 1738 432 1788 clarum
447 1745 557 1805 pangat.
595 1739 665 1788 Fixa
677 1738 731 1787 suit
742 1737 842 1786 dextro

36 1806 114 1859 lateri
134 1807 211 1856 aedis
224 1807 298 1856 loris
314 1808 415 1872 optimi
431 1808 561 1869 uroximi,
584 1824 619 1859 ex
635 1823 688 1874 qua
701 1812 779 1871 parte
790 1805 843 1854 llll·

36 1891 133 1928 uerrae
149 1876 283 1942 templum
301 1885 352 1928 est.
389 1877 458 1925 Ilum
480 1878 603 1939 clarum,
624 1877 689 1942 quie
702 1890 782 1925 rarae
793 1888 844 1939 per

37 1961 65 1997 ea
87 1954 217 2011 tempora
238 1946 338 1996 literae
359 1952 452 2006 (mant,
473 1954 568 1997 notam
585 1946 692 1997 numeri
708 1959 842 2008 annorum

37 2013 118 2066 luisse
141 2016 249 2067 ferunt:
273 2029 360 2080 eoque
381 2014 524 2067 Minervae
544 2016 649 2081 templo
670 2015 789 2064 dicatam
806 2013 842 2061 le·

36 2098 107 2149 gem,
131 2086 200 2151 quia
214 2100 344 2135 numerus
355 2085 498 2136 Minervae
516 2086 656 2137 inventum
668 2085 713 2133 sit.
750 2082 842 2132 l'olsi·

36 2154 81 2204 niis
93 2170 205 2220 quoque
217 2154 321 2215 claros,
339 2154 444 2204 indices
456 2156 563 2206 numeri
574 2168 718 2214 armorum,
730 2153 800 2201 fixos
814 2152 842 2199 in

37 2225 135 2289 templo
148 2224 276 2285 Nortiae,
294 2224 428 2273 Etruscae
441 2223 517 2286 deae,
537 2239 706 2289 comparere,
722 2221 842 2287 diligens

37 2292 128 2342 talium
142 2298 386 2344 monumentorum
403 2296 502 2343 auctor
513 2294 624 2344 Cincius
637 2292 765 2343 ullirmat.
802 2289 842 2339 M.

37 2360 167 2413 lloratius
186 2362 284 2413 consul
300 2377 334 2412 ex
349 2362 413 2428 lego
427 2364 561 2428 templum
579 2363 653 2412 lovis
671 2360 771 2427 optimi
786 2372 843 2407 rina·

38 2430 97 2482 riuti
113 2432 257 2483 dedicavit
275 2446 346 2480 anno
367 2436 431 2496 post
446 2446 526 2499 reges
543 2438 670 2483 exectos:
692 2447 709 2480 a
725 2425 843 2479 consuli·

37 2498 81 2550 bus
92 2509 194 2568 postca
206 2500 244 2552 ad
257 2501 419 2560 dictatores,
438 2502 502 2565 quia
512 2503 602 2552 maius
614 2500 760 2566 imperium
774 2499 843 2551 erat,

38 2570 155 2624 sollenne
177 2571 253 2622 clavi
273 2569 379 2634 ligendi
403 2571 571 2622 translatum
594 2575 647 2624 est.
681 2564 854 2623 luterimsso

40 2637 238 2704 leudesium,
261 2639 342 2707 digna
361 2637 446 2692 etiam
461 2656 559 2711 perse
575 2644 642 2701 elsa
656 2658 724 2710 m,
741 2645 869 2713 propter
