1868 2946
93 113 234 167 innox.
250 111 434 164 cantaro.
455 110 610 183 pacat,
623 116 653 165 a.
667 112 776 181 usas]
810 114 861 168 173

10 216 38 231 ‘'
61 218 154 339 ¹tlepdne
166 218 375 285 amicitiaeque.
412 218 448 268 lis
464 220 573 285 populis
587 217 687 270 foedus
703 218 861 284 petentibus

10 324 14 335 .
90 298 159 339 tuor.

10 400 17 417 ,
29 368 34 415 ζ
102 355 207 408 XLVI.
226 354 335 407 Eodem
348 370 417 405 anno
429 356 477 407 Cn.
488 354 602 407 Flavius
612 357 661 407 Cn.
672 356 748 406 lilius
760 356 858 417 scriba,

10 465 12 475 .
30 471 36 497 ¹
58 434 130 493 patre
141 425 286 485 libertino,
307 421 404 474 hunrili
417 422 529 475 fortuna
539 430 632 486 ortus,
647 434 768 477 ceterum
781 425 857 474 ealli-

22 510 35 558 ς
57 495 103 547 dus
113 496 160 545 vir
171 500 201 545 et
212 491 363 554 facundus,
380 493 480 544 aedilis
491 494 594 545 curulis
604 493 666 547 luit.
702 494 815 545 lnrenio
828 494 855 543 ie

22 562 29 583 '
57 562 219 631 quibusdam
231 562 386 623 annalibus,
397 578 480 628 quum
492 570 637 628 appareret
648 564 794 624 aedilibus,
811 564 856 613 lie-

23 636 26 642 '
55 634 132 701 rique
143 648 175 683 se
186 647 241 699 pro
254 631 329 683 tribu
339 630 458 683 aedilem
471 632 591 691 videret,
611 648 697 699 neque
709 632 799 699 accipi
809 648 857 682 no-

55 717 122 765 mcn,
133 702 203 769 quia
213 702 349 766 scriptum
360 698 477 765 laceret3
497 702 621 752 tabulam
636 703 767 766 posuisse,
779 707 808 751 et
819 702 857 751 iu-

54 784 144 833 rasse,
166 786 197 822 so
207 770 343 836 scriptum
354 784 408 820 non
426 768 576 820 facturum.
614 770 702 831 Quem
715 770 856 835 aliquanto

55 848 117 894 ante
128 840 238 892 desisse
248 840 383 904 scriptum
394 837 495 900 facere,
514 838 606 904 arguit
616 838 713 890 Macer
721 839 856 899 Licinius,

49 910 198 963 sribunatu
208 916 275 960 ante
287 914 367 976 gesto
378 908 660 973 triumviratibusqne,
672 914 806 959 nocturno
817 908 856 957 al·

54 988 124 1042 tero,
134 978 228 1030 altero
241 977 369 1029 coloniae
380 976 564 1029 deducendae.
593 978 720 1028 Ceterum
731 977 772 1040 (id
783 975 856 1043 qnod

56 1048 126 1101 baud
139 1048 295 1113 discrepat)
311 1047 488 1098 contumacia
503 1046 635 1098 adversus
651 1052 856 1097 contemnentes

56 1115 245 1169 bumilitatem
256 1130 334 1167 suam
345 1115 455 1167 nobiles
463 1116 595 1167 certarit:
615 1115 696 1167 civile
710 1115 762 1176 ius,
777 1130 856 1181 repo-

55 1189 137 1239 situm
150 1188 180 1238 in
193 1185 382 1252 penetralibus
394 1185 567 1251 pontificum,
588 1184 739 1251 evulgavit,
760 1184 857 1234 fastos-

56 1273 106 1325 que
118 1258 195 1307 circa
206 1253 297 1305 iorum
310 1255 338 1304 in
350 1254 414 1307 albo
427 1255 587 1321 proposuit,
608 1259 653 1315 ut,
674 1252 783 1320 quando
796 1253 857 1317 lege

56 1327 100 1393 agi
111 1332 217 1393 posset,
228 1324 359 1375 sciretur=
381 1323 477 1375 aedem
493 1324 664 1376 Concordiae
675 1324 704 1373 in
716 1338 781 1374 area
793 1321 859 1372 Vul-

56 1399 113 1446 cani
124 1409 237 1445 summa
252 1394 357 1445 insidia
372 1393 504 1444 nobilium
517 1392 668 1455 dedicarit3
690 1397 858 1454 coactusque

55 1479 193 1516 consensu
211 1464 308 1530 populi
319 1464 462 1515 Cornelius
477 1463 616 1515 Barbatus
631 1459 758 1528 pontifex
773 1458 859 1508 maxi-

54 1550 114 1585 mus
126 1533 215 1585 verba
227 1534 344 1599 praeire,
356 1548 437 1599 quarm
449 1548 525 1585 moro
536 1533 671 1583 maiorum
682 1536 804 1595 negaret,
823 1528 861 1577 ni·

55 1606 80 1656 si
91 1603 238 1655 consulem
253 1612 302 1653 aut
315 1603 523 1668 imperatorem,
544 1617 626 1670 posse
641 1599 772 1666 templum
785 1596 860 1650 ‹ledi-

56 1689 129 1725 care.
168 1672 266 1738 ltaque
277 1688 311 1723 ex
323 1673 491 1724 auctoritate
502 1680 614 1723 senatus
631 1672 719 1723 latum
730 1669 765 1720 ad
777 1683 860 1734 popu-

56 1742 114 1794 lum
126 1750 180 1801 est,
193 1758 226 1791 ne
237 1742 296 1807 quis
308 1742 439 1807 templum
451 1758 562 1794 aramve
573 1743 678 1791 iniussu
689 1746 801 1791 senatus
812 1745 857 1787 aut

56 1813 235 1862 tribunorum
249 1811 340 1876 plebei
355 1812 444 1876 partis
455 1812 570 1862 maioris
590 1810 740 1861 dedicaret.
776 1805 861 1858 llaud

56 1878 268 1934 nientorabilem
285 1894 342 1930 rem
358 1894 407 1945 per
421 1896 465 1942 se,
486 1881 540 1930 nisi
555 1880 747 1930 documentum
763 1878 799 1927 sit
815 1875 861 1925 ad·

57 1966 153 2001 tersus
165 1948 323 2013 superbiam
336 1949 471 1999 nobilium
482 1950 607 2016 plebeiae
620 1947 772 2007 libertatis,
791 1945 860 1995 rel'c·

58 2035 126 2071 rani.
163 2018 206 2069 Ad
228 2018 362 2084 collegam
384 2033 497 2085 aegrum
520 2018 629 2069 visendi
648 2032 732 2066 caiisa
747 2014 860 2066 blaviae

57 2104 140 2157 quum
153 2087 286 2149 venisset,
297 2103 486 2154 consensuque
494 2084 862 2142 nobiliumadolescentium,

56 2160 102 2226 qui
113 2158 153 2208 ibi
165 2156 335 2219 assidebant,
346 2166 530 2209 assurrectum
543 2157 569 2209 ei
580 2173 634 2206 non
643 2160 724 2215 esset,
738 2152 860 2204 curulem

56 2228 153 2281 allerri
170 2226 269 2277 sellam
286 2242 319 2278 eo
333 2227 428 2289 iussit,
450 2243 482 2278 ac
494 2226 560 2278 sede
576 2225 689 2275 lionoris
703 2224 747 2273 sui
762 2222 860 2273 anxios

56 2296 165 2349 invidia
182 2296 307 2347 inimicos
324 2297 469 2362 spectarit.
507 2297 632 2346 Ceterum
645 2292 771 2343 Flavium
787 2291 860 2340 dixe·

57 2375 102 2420 rat
114 2364 236 2419 aedilem
247 2366 366 2417 lorensis
377 2365 474 2427 factio,
486 2367 535 2429 Ap.
545 2362 653 2415 Claudii
666 2376 780 2412 cerisura
792 2359 861 2407 sires

57 2446 153 2497 nacta,
176 2435 224 2501 qui
240 2441 366 2486 senatum
380 2436 484 2500 primus
495 2433 692 2484 libertinorum
703 2429 769 2480 filiis
784 2423 865 2477 lectis

58 2507 186 2573 inquinas
194 2510 265 2556 erat.
293 2506 328 2554 Et
337 2514 481 2570 postquam
495 2518 556 2557 eam
569 2498 728 2557 lectionem
739 2512 825 2552 niuno
836 2507 881 2542 ra·

57 2584 113 2626 tam
128 2574 231 2629 babuit,
245 2573 333 2620 necin
346 2575 422 2624 curia
434 2573 559 2643 adeptus
572 2584 650 2644 orat,
671 2592 747 2647 quas
756 2567 903 2646 petierat,

50 2656 114 2700 vlla!
128 2637 261 2697 urbium&
279 2634 434 2697 humilibus
449 2660 509 2712 Per
525 2663 636 2706 ommi&
663 2650 769 2704 (rmus
794 2639 919 2688 mbbh'ffis
