1868 2946
29 39 33 95 Ι
86 122 770 217 ,ΒΞ-ἠοΑν.11.12.[Π.().454.Α.Ο.298.]
805 127 853 180 187

10 242 20 273 s
64 226 226 295 compressit
237 228 379 287 Etmseos,
389 227 458 279 adeo
468 233 500 277 ut
509 234 676 279 nemoextrn
686 228 857 279 munimenta

10 320 20 329 ·
62 297 155 364 egredi
167 295 300 356 auderet,
320 294 455 363 timorque
467 297 590 361 ipsorum
606 296 745 347 obsidioni
755 297 856 347 similis

10 378 18 398 ¹
61 372 139 417 esset.
155 364 255 429 Neque
265 363 331 413 illos
342 378 430 415 novus
439 365 536 415 consul
545 365 856 432 vastandisngrisuren·

10 456 18 466 ·
62 433 155 500 disque
165 431 260 493 tectis,
271 446 353 497 quum
363 432 465 498 passim
476 448 530 483 non
540 432 624 485 sillae
633 435 733 496 solum,
744 434 793 485 sed
805 432 856 485 ire·

10 525 15 533 ·
62 508 176 570 quentes
186 501 372 567 quoquericl,
391 501 527 553 incendiis
538 501 687 563 lustrarent,
709 503 810 554 elicere
822 502 857 552 ael

10 598 16 606 ·
63 578 203 623 certamen
214 569 315 635 potuit.
351 568 440 629 Quum
450 569 503 621 hoc
513 572 623 637 segnius
635 570 739 624 bellum
752 572 858 638 opinio·

10 662 14 671 ·
29 639 34 699 l
62 656 92 692 ne
102 645 189 701 esset,
199 638 318 690 alterius
327 638 405 700 belli,
416 639 489 705 quod
498 640 593 691 multis
603 642 631 690 in
637 642 725 691 ricem
732 641 857 692 cladibus

10 732 12 739 v
62 707 131 761 haud
139 708 285 760 immerito
295 708 420 759 terribile
429 714 498 770 erat,
512 708 588 759 lemn
596 708 761 772 Picentium,
774 724 858 759 noro-

10 800 14 807 ·
62 776 282 839 rumsoclorum‚
301 776 509 829 ludicioexortn
520 784 575 828 est:
599 777 733 830 Sarnnites
744 794 821 830 arma
831 786 858 828 et

10 870 17 879 ·
62 847 233 900 rebellionem
242 854 373 915 spectare,
386 860 466 911 seque
476 846 510 897 ai
519 845 555 897 iis
565 848 726 899 sollicitatos
734 862 798 899 esse.
816 845 859 895 Pi·

10 942 17 951 ·
63 916 188 968 tentibus
198 914 306 981 gratiss
316 920 403 977 amas,
414 920 442 966 et
451 928 552 981 magne
561 930 626 981 pers
636 930 718 967 curae
727 914 858 967 Patribus

10 998 13 1029 :
62 987 92 1038 ab
103 984 222 1036 Etruria
232 985 262 1034 in
271 982 409 1035 Samnites
419 998 501 1035 versa
510 988 561 1035 cst.
598 985 858 1037 Cnrltssctiaman-

63 1067 151 1105 nonne
170 1052 323 1104 sollicitum
343 1053 483 1105 civitatem
502 1050 612 1105 hebuit:
636 1059 802 1120 ventumque
823 1051 858 1102 ael

64 1123 171 1189 inopiae
180 1120 309 1173 ultimum
319 1120 404 1180 foret,
419 1126 452 1173 ut
461 1122 604 1189 scripsere,
625 1122 726 1190 quibus
738 1121 856 1173 aedilem

64 1192 149 1244 luisse
159 1204 196 1243 co
207 1205 279 1242 enno
291 1188 407 1242 Fabium
417 1191 570 1243 Maximum
580 1193 679 1258 placet,
696 1192 724 1242 ni
734 1192 794 1243 eius
804 1190 859 1240 riri

65 1276 137 1324 eura,
158 1258 250 1327 qualis
264 1260 294 1309 in
309 1260 421 1311 bellicis
433 1263 517 1312 rebus
534 1262 629 1313 multis
645 1260 859 1327 tempestatibus

12 1350 15 1357 ·
64 1328 170 1393 dierat,
191 1328 258 1379 telis
280 1327 433 1379 domitum
453 1329 481 1378 in
499 1343 624 1382 annonae
644 1327 858 1395 dispensatione,

10 1429 13 1439 ·
64 1396 254 1465 praeparando
269 1396 487 1449 scconrehendo
502 1397 652 1460 frumento,
673 1398 780 1448 luisset.
816 1397 859 1446 Eo

62 1483 131 1519 anno
145 1468 210 1531 (nec
222 1464 449 1527 traditurcauss)
466 1466 653 1532 interregnum
671 1467 781 1516 initum.
817 1465 860 1515 ln·

62 1545 185 1601 terreges
200 1533 279 1586 fuere
293 1536 343 1599 Ap.
359 1534 505 1596 Claudius,
525 1534 590 1585 dein
604 1534 634 1585 P.
649 1534 797 1600 Sulpicius.
833 1535 859 1583 ls

61 1604 177 1655 comitio
187 1603 346 1654 consularia
354 1601 461 1654 habuit:
473 1602 579 1655 crearit
588 1602 621 1653 L.
633 1604 789 1655 Cornelium
801 1603 859 1656 Sei-

61 1676 180 1741 pioncm,
191 1673 239 1723 Cn.
251 1671 377 1721 Fulvium
388 1671 522 1723 consules.
551 1670 691 1739 Principio
703 1672 783 1724 huius
794 1672 857 1726 onrri

61 1752 190 1794 oratores
209 1740 385 1792 Lucanorum
406 1740 442 1791 ad
462 1755 548 1791 noros
569 1742 695 1792 consulas
715 1750 857 1801 venerunt,

61 1818 197 1879 questum,
208 1809 272 1874 qaia
279 1809 474 1861 conditionibus
481 1809 608 1876 pellicere
617 1825 644 1861 se
650 1810 859 1877 nequiverintad

60 1882 365 1941 societatemarmararn,
376 1878 511 1931 Sallenites
520 1878 620 1948 infesto
632 1879 857 1949 exereitningres·

61 1968 100 2002 sas
102 1950 177 2019 fines
189 1964 250 1999 srsos
260 1956 377 2010 vastare,
388 1948 507 2015 belloque
519 1950 557 1999 asi
567 1948 661 1999 bellant
670 1964 773 2015 cocere.
803 1948 859 1999 La-

61 2037 126 2072 eana
138 2018 242 2085 populo
252 2018 320 2069 satis
337 2033 468 2084 superque
485 2026 606 2069 erratum
622 2019 768 2084 quandam:
788 2033 859 2070 narse

62 2090 100 2141 ita
111 2088 263 2140 obstinatas
274 2087 377 2138 anitnas
388 2102 456 2147 esse,
477 2096 506 2138 at
518 2086 692 2158 omniaferre
702 2104 735 2139 ac
741 2086 805 2156 pati
818 2096 859 2138 to-

62 2156 202 2210 lerabilius
213 2156 323 2217 ducant,
345 2171 425 2220 quam
434 2165 465 2206 at
476 2172 591 2221 anquam
600 2164 693 2223 postea
704 2174 797 2209 nornen
805 2154 859 2206 120·

61 2242 168 2279 manuos
178 2224 288 2276 violent.
306 2222 394 2275 Orare
405 2224 516 2287 Patres,
529 2234 558 2275 at
571 2234 597 2276 et
608 2225 733 2278 Lucanos
742 2226 771 2278 in
778 2224 859 2293 fidem

61 2294 208 2363 accipiant,
221 2303 247 2344 et
258 2294 312 2344 nien
322 2302 402 2360 atque
418 2293 547 2345 iniuriam
558 2295 591 2343 al
603 2310 630 2345 se
642 2294 804 2347 Samnitium
815 2308 859 2343 ar-

62 2373 148 2417 ceant.
182 2362 227 2425 δε,
237 2378 398 2429 quanquam,
408 2361 474 2414 bello
483 2378 542 2414 cans
555 2361 720 2415 Sanmitilns
729 2368 859 2427 suscepto,

60 2431 279 2486 necessariaiam
289 2430 657 2502 sactaadversasllarnanos
667 2432 809 2508 Jidessit,
827 2437 873 2479 lo·

59 2518 115 2555 men
125 2501 230 2553 obsides
242 2502 306 2550 dare
307 2509 423 2565 paratos
433 2519 497 2557 esse.

104 2571 162 2619 XII.
178 2568 278 2617 Brerr's
293 2570 466 2626 consultatio
483 2584 610 2634 senatus
629 2578 705 2634 luit.
744 2573 795 2630 hd
807 2576 908 2619 imm

47 2649 135 2683 emm
142 2633 306 2698 surgendum
317 2636 420 2695 foedus
433 2661 502 2703 cum
517 2650 679 2722 Lucanis,
701 2658 821 2714 resq&
830 2644 919 2696 “W
