1868 2946
59 230 132 282 Lau.
144 227 352 282 xx111.cna.
364 226 455 283 3233.
468 228 769 299 [u.c.537.o.0.215.]
788 227 840 283 lit

36 351 136 404 qqrum
151 337 359 404 populaturum,
378 351 467 388 esrom
489 336 536 387 aab
557 335 638 390 dotto
658 336 842 397 venditurum,

36 405 114 457 ailla
134 403 317 459 incensorum.
351 404 395 458 Ne
410 405 588 471 praetoribus
600 405 726 473 quidem,
747 406 795 472 qui
806 406 842 456 ad

36 474 81 525 ius
92 473 240 526 dicendum
253 474 343 526 creati
353 480 449 537 erant,
468 475 579 526 vacatio
596 476 630 526 ab
641 474 711 527 belli
726 473 844 525 admini-

36 541 251 595 strationedato
261 549 312 596 est.
348 542 494 595 Valerium
506 549 665 611 praetorem
677 543 705 593 in
715 542 843 610 Apuliam

36 612 77 663 lre
92 610 214 678 placuit,
235 612 271 664 ad
284 613 439 665 exercitum
455 612 619 665 aTerentio
636 611 843 680 accipiendum:

36 682 118 749 quum
133 696 168 734 ex
182 680 281 734 Sicilia
294 680 422 750 legiones
438 682 594 746 venissent,
613 682 649 733 lis
665 682 842 749 potissimum

36 751 78 801 uti
88 750 124 801 ad
139 750 264 818 regionis
277 750 337 802 eius
352 751 535 817 praesidium:
558 752 758 804 Terentianum
768 750 844 801 mitti

36 834 97 871 cum
110 820 205 887 aliquo
216 820 382 889 legatorum.
418 820 456 872 Et
466 819 569 888 viginti
584 821 703 888 quinque
713 836 799 873 naves
811 818 841 870 P.

36 887 150 941 Valerio
166 889 249 943 datae
269 896 343 954 sunt,
363 890 461 958 quibus
484 904 562 941 oram
580 890 748 942 maritimam
768 890 844 940 inter

36 958 215 1010 Brundisium
227 975 261 1011 ae
271 960 424 1012 Tarentum
434 958 522 1011 tutari
532 964 637 1026 posset.
665 958 842 1011 Parnasium

36 1042 165 1079 numerus
176 1028 209 1090 Q.
221 1028 321 1081 Fulvio
333 1032 457 1097 praetori
471 1029 579 1080 urbano
591 1028 721 1082 decretus
732 1028 767 1081 ad
778 1028 842 1079 sub·

36 1096 141 1148 ubana
156 1097 242 1150 litora
257 1099 385 1150 tutanda.
422 1100 452 1151 C.
468 1098 601 1151 Terentio
620 1098 781 1166 proconsuli
796 1113 841 1149 ne·

36 1167 141 1234 gotium
153 1166 258 1231 datum,
269 1174 301 1219 ut
312 1169 342 1219 in
352 1169 454 1220 Piceno
464 1182 532 1236 agro
545 1169 779 1236 conquisitionem
792 1168 841 1217 mi·

39 1237 116 1287 itum
128 1234 250 1301 haberet,
261 1237 384 1305 locisque
394 1238 430 1288 iis
440 1236 581 1305 praesidio
592 1242 674 1290 esset.
685 1238 723 1288 ldt
734 1239 767 1288 T.
775 1237 841 1288 Ota-

36 1305 117 1358 rilius
128 1307 252 1368 Crassus,
272 1313 419 1375 postquam
432 1307 529 1360 aedem
542 1307 647 1360 Mentis
658 1306 688 1357 in
699 1304 840 1372 Capitolio

36 1373 183 1438 ledioavit,
192 1376 221 1429 iu
230 1374 354 1431 Siciliam
366 1393 428 1430 cum
438 1377 566 1445 imperio,
578 1377 626 1446 qui
636 1376 720 1429 classi
730 1390 840 1444 praees·

36 1452 84 1506 act,
96 1445 206 1498 missus.

85 1514 212 1567 xxxin.
239 1516 271 1567 ln
287 1514 359 1570 hano
371 1517 581 1568 dimicationem
594 1515 712 1568 duorum
728 1514 840 1581 opulcn-

36 1583 207 1638 issinrorum
219 1586 248 1636 in
257 1588 342 1639 terris
350 1587 519 1654 populorum
531 1600 626 1637 omnes
637 1600 719 1653 reges
730 1589 840 1653 gentes·

36 1669 85 1724 pue
97 1653 206 1705 animos
216 1654 408 1707 intenderant:
425 1656 498 1708 inter
509 1671 578 1723 quos
590 1654 735 1722 Philippus
747 1653 839 1705 Maee-
858 1656 864 1666 '

36 1728 136 1777 ionum
146 1737 210 1785 rex,
230 1738 264 1776 eo
275 1725 377 1793 magis,
397 1740 452 1794 quo
465 1726 580 1792 propior
590 1725 704 1787 ltaliae,
724 1725 839 1776 acmari

36 1797 142 1849 autum
158 1791 237 1855 lonio
252 1793 391 1846 discretus
407 1801 477 1848 erat.
513 1795 543 1849 la
555 1794 604 1846 ubi
624 1795 744 1861 primum
763 1793 840 1845 lamo

36 1859 150 1926 coepit,
161 1863 344 1916 Hannibalem
352 1864 436 1931 Alpes
447 1871 661 1932 transgressum,
673 1869 704 1914 ut
715 1863 791 1915 bello
801 1864 841 1914 in·

36 1948 73 1988 er
94 1930 234 1982 Romanos
256 1932 433 2001 Poenumque
453 1939 517 1985 orto
543 1934 665 1985 laetatus
689 1939 764 1996 erat,
792 1932 841 1993 ita,

36 2002 124 2056 *erius
140 2001 237 2066 populi
252 2003 351 2055 mallet
365 2004 511 2055 victoriam
527 2017 601 2065 esse,
620 2003 733 2054 incertis
750 1999 840 2055 adhuc

36 2071 152 2132 tribue,
173 2068 322 2123 fluctuatus
338 2074 430 2126 animo
450 2073 551 2125 fuerat.
587 2072 739 2139 Postquam
754 2071 840 2123 tertia

36 2158 85 2198 am
98 2152 201 2205 pugna,
211 2142 297 2193 tertia
308 2141 429 2194 victoria
440 2158 499 2193 eum
510 2141 612 2193 Poenis
623 2149 692 2204 erat,
705 2140 740 2193 ad
751 2140 839 2192 fortu-

38 2226 94 2268 ειη
116 2207 276 2273 inelinavit,
301 2209 466 2279 legatosque
487 2210 523 2261 ad
541 2211 726 2263 Hannibalem
747 2211 838 2261 misit:

37 2283 91 2340 ui,
112 2278 234 2330 uitantes
256 2287 353 2347 portus
374 2281 570 2332 Brundisinum
592 2282 837 2348 Tarentinumque,

36 2352 96 2405 uio
113 2347 251 2400 custodiis
268 2351 381 2402 navium
397 2351 585 2403 Romanarum
603 2353 783 2412 tenebantur,
800 2351 838 2402 ad

36 2417 163 2474 .aciniae
178 2417 289 2470 lunonis
309 2420 442 2487 templum
462 2420 492 2470 in
512 2425 614 2472 terram
636 2421 743 2487 egressi
762 2425 837 2471 sunt.

36 2489 97 2543 nde
109 2500 160 2552 per
169 2488 296 2555 Apuliam
309 2495 435 2556 petentes
446 2491 577 2556 Capuam,
593 2489 684 2540 media
696 2490 723 2539 in
734 2488 845 2553 praeei-

37 2562 77 2612 ia
87 2555 215 2608 Romana
226 2557 302 2608 illati
309 2566 389 2619 eunt:
413 2559 585 2627 deductique
594 2555 722 2609 odulfi
729 2553 865 2603 mammo

36 2625 185 2681 aesinam
194 2633 364 2692 praetorem,
385 2630 464 2684 drea
472 2629 637 2684 Luceriam
649 2614 884 2696 mmmmm·

36 2712 91 2749 pm,
127 2694 171 2743 lbi
178 2696 319 2763 intrepide
332 2700 539 2771 Xenophanes
548 2693 731 2769 legationis
741 2676 917 2776 praecep&

36 2759 173 2826 Philippo
183 2778 253 2832 rege
264 2784 296 2821 se
306 2772 449 2841 missum,
473 2775 540 2841 uit,
564 2770 614 2825 uu
622 2758 813 2820 omilim
824 2747 867 2789 ψ

37 2827 287 2891 T.er.'1'osall.
621 2835 690 2892 Μ
