1868 2946
26 39 204 78 mimmii.
215 39 291 76 ΜΡ.
301 39 326 77 Ζ.
336 39 362 76 ὅ.
386 39 430 90 [υ.
441 39 473 76 U.
483 39 542 79 000·
553 39 585 74 A·
595 39 626 74 h.
636 39 706 90 ²¹7⁹]
725 39 776 75 ou

26 130 86 186 rat,
100 138 155 190 quo
166 123 252 173 altius
263 122 297 174 ab
309 138 381 189 aqua
392 126 523 185 exstaret,
539 128 649 185 vectus3
671 122 776 190 vigiliis

26 193 89 245 dem
105 199 133 244 et
149 199 285 243 nocturno
302 190 416 243 humore
430 192 606 258 palustrique
622 191 700 243 coelo
715 207 778 258 gra·

26 269 59 316 te
74 268 169 329 caput,
190 266 219 312 et
233 261 300 328 quia
314 260 444 313 medendi
459 276 510 314 nce
519 262 597 313 loeus
607 276 658 314 nec
669 266 777 328 tempus

26 339 46 396 t,
58 332 148 383 altero
161 331 244 382 oculo
254 331 373 395 capitur.

26 401 74 454 lll.
93 400 191 451 Multis
201 397 358 450 bominibus
368 400 556 467 iumentisque
567 398 648 452 foede
659 400 778 460 amissis,

26 487 59 523 un
70 469 182 521 tandem
197 469 232 521 de
243 468 391 535 paludibus
409 470 580 532 emersisset,
598 471 646 521 ubi
659 470 779 536 primunr

26 542 92 592 icco
103 539 203 606 potuit,
213 549 307 590 castra
318 539 407 589 locat:
418 545 579 605 certumque
589 553 639 605 per
649 540 779 606 praernis-

33 609 228 676 exploratores
237 607 336 660 habuit
342 643 351 670 ,
373 608 525 660 exereitum
535 608 689 660 Romanum
704 609 782 660 circa

26 679 80 733 etii
88 678 199 747 moenia
209 692 279 730 esse.
316 676 445 728 Consulis
458 676 558 729 deinde
569 677 686 730 consilia
695 684 780 746 etque

26 763 109 810 mum,
122 753 150 799 et
160 748 245 798 situm
256 747 410 815 regionum,
421 747 585 814 itineraque,
596 751 626 799 et
637 748 731 814 copias
743 747 780 798 ad

26 823 150 870 emeatus
163 816 360 883 expediendos,
371 821 400 868 et
410 822 513 879 cetera,
523 831 595 884 quae
607 831 740 885 cognosse
751 817 780 867 in

26 904 33 938 ι
46 891 122 949 erat,
141 901 249 937 summa
264 886 435 938 cerniacum
452 886 691 955 eurainquircntlo
702 901 780 939 exsc-

26 958 121 1008 batur.
147 955 235 1021 Regio
247 962 308 1008 erat
317 957 347 1021 in
358 955 455 1022 primis
466 956 565 1008 ltaliae
574 955 685 1020 fertilis,
697 957 783 1008 Etru·

32 1025 136 1092 campi,
156 1026 204 1092 qui
217 1024 354 1078 Faesulas
372 1025 658 1092 interllrretinnsque
678 1026 779 1087 iacent,

26 1097 153 1147 montiae
164 1095 272 1161 pecoris
283 1100 312 1147 ct
323 1094 445 1147 omniurn
457 1095 538 1162 eopia
547 1111 638 1147 rerum
646 1095 780 1162 opulenti.

25 1164 82 1217 rsul
96 1164 177 1216 ferox
192 1163 227 1216 ab
245 1165 391 1217 consulatu
407 1165 514 1231 priore,
535 1172 564 1216 et
577 1179 633 1216 non
648 1164 732 1227 morlo
742 1165 781 1217 le·

26 1249 90 1286 nac
104 1233 217 1287 Petrum
236 1234 403 1296 maiestatis,
423 1233 473 1289 sed
491 1250 525 1286 ne
540 1235 655 1286 deorum
671 1233 782 1300 quidem

26 1305 45 1355 ls
56 1310 191 1356 metuens.
227 1298 316 1357 blanci
322 1304 437 1357 insitum
448 1304 560 1370 ingenio
571 1303 629 1355 eius
641 1303 781 1355 tenterita·

26 1391 33 1425 ι
44 1373 161 1426 fortuna
171 1387 305 1440 prospero
318 1372 448 1426 civilibus
456 1373 621 1440 bellicisque
629 1374 711 1425 rebus
721 1388 782 1424 suc·

26 1459 57 1495 su
68 1443 186 1496 aluerat.
221 1447 319 1511 ltaque
330 1444 399 1510 satis
411 1443 571 1509 apparebat,
589 1459 639 1495 nec
651 1443 718 1494 deos
731 1458 782 1496 nec

25 1514 103 1565 uines
120 1515 323 1578 consulentem,
343 1514 477 1567 ferociter
493 1513 586 1564 omnin
601 1528 634 1564 ac
652 1528 782 1581 prrncpro·

26 1600 41 1637 c
60 1589 198 1636 acturum.
234 1587 352 1651 Quoque
373 1583 489 1650 pronior
506 1590 580 1636 esset
594 1583 623 1635 in
638 1584 707 1636 vitia
721 1599 782 1646 sua,

26 1660 86 1706 tare
102 1669 163 1706 eum
180 1660 264 1722 atquc
276 1653 390 1706 irritare
400 1653 509 1706 Poenus
519 1660 612 1719 parat:
633 1660 677 1718 et,
699 1654 781 1705 laeva

28 1730 75 1776 cto
88 1721 176 1786 hoste,
195 1723 329 1777 Faesulas
340 1730 450 1791 petens,
469 1723 561 1775 medio
571 1723 700 1774 Etruriae
710 1737 780 1790 agro
813 1780 816 1787 Ι

26 1793 142 1847 edatum
153 1793 306 1859 profectus,
317 1799 450 1860 quantam
460 1793 607 1843 maximam
618 1793 779 1843 vastitatem

26 1868 85 1925 est,
105 1863 238 1914 caedibus
254 1862 445 1930 incendiisque
462 1863 567 1914 consuli
579 1861 676 1928 procul
690 1866 781 1912 osten·

26 1952 48 1991 η.
63 1930 236 1995 Flaminius,
258 1933 307 2000 qui
329 1949 363 1985 ne
384 1933 479 2000 quieto
499 1931 609 1998 quidorn
624 1929 705 1982 hoste
720 1932 782 1999 ipse

26 2006 121 2057 sturus
131 2008 199 2064 erat,
205 2008 263 2053 tuns
274 2007 500 2068 vero,postquam
512 2015 556 2052 res
566 1999 705 2052 sociorum
716 2009 782 2053 ante

26 2072 72 2125 los
87 2084 174 2138 prope
190 2086 256 2123 suos
268 2071 338 2124 ferri
349 2071 450 2139 agique
463 2069 548 2132 vidit,
569 2085 649 2120 suum
661 2070 690 2121 iu
701 2071 781 2123 dede-

37 2147 136 2203 ratus,
155 2155 205 2207 per
217 2140 337 2192 mediam
348 2141 404 2209 iam
415 2139 525 2191 ltaliam
541 2140 639 2205 sagari
649 2139 782 2198 Poenum,

25 2225 71 2275 se,
93 2209 247 2262 obsistente
258 2209 349 2273 nullo,
367 2209 403 2260 ud
413 2209 474 2276 ipsa
485 2210 610 2260 Romana
620 2211 729 2261 moenia
739 2209 782 2259 iro

27 2278 177 2348 ugnands3
200 2279 301 2331 ceteris
317 2279 443 2331 omnibus
463 2277 491 2328 in
507 2279 626 2329 consilio
644 2277 783 2329 salutaria

26 2352 75 2423 gis,
100 2363 181 2415 quarn
194 2349 329 2414 speciosa,
348 2346 543 2412 suadentibus,
556 2349 801 2419 collegeraeusps·

26 2423 120 2480 adrem,
141 2427 172 2470 et
184 2416 334 2472 coniunctis
347 2418 536 2487 exercitibus,
557 2414 706 2472 cesarnoni
722 2420 823 2484 aucuns

26 2491 137 2555 'illoque
149 2504 205 2538 'em
215 2502 353 2558 gererent
360 2510 373 2556 ,·
396 2492 520 2549 interim
542 2489 624 2559 equit
629 2495 687 2536 utu
701 2472 828 2552 cuspius

26 2559 119 2616 bosam
128 2573 271 2614 aratrorum
284 2563 323 2618 ab
336 2563 438 2638 effuso
464 2551 801 2641 praecautionem-1
